%YAML 1.1
%TAG !u! tag:unity3d.com,2011:
--- !u!29 &1
OcclusionCullingSettings:
  m_ObjectHideFlags: 0
  serializedVersion: 2
  m_OcclusionBakeSettings:
    smallestOccluder: 5
    smallestHole: 0.25
    backfaceThreshold: 100
  m_SceneGUID: 00000000000000000000000000000000
  m_OcclusionCullingData: {fileID: 0}
--- !u!104 &2
RenderSettings:
  m_ObjectHideFlags: 0
  serializedVersion: 9
  m_Fog: 0
  m_FogColor: {r: 0.5, g: 0.5, b: 0.5, a: 1}
  m_FogMode: 3
  m_FogDensity: 0.01
  m_LinearFogStart: 0
  m_LinearFogEnd: 300
  m_AmbientSkyColor: {r: 0.212, g: 0.227, b: 0.259, a: 1}
  m_AmbientEquatorColor: {r: 0.114, g: 0.125, b: 0.133, a: 1}
  m_AmbientGroundColor: {r: 0.047, g: 0.043, b: 0.035, a: 1}
  m_AmbientIntensity: 1
  m_AmbientMode: 0
  m_SubtractiveShadowColor: {r: 0.42, g: 0.478, b: 0.627, a: 1}
  m_SkyboxMaterial: {fileID: 10304, guid: 0000000000000000f000000000000000, type: 0}
  m_HaloStrength: 0.5
  m_FlareStrength: 1
  m_FlareFadeSpeed: 3
  m_HaloTexture: {fileID: 0}
  m_SpotCookie: {fileID: 10001, guid: 0000000000000000e000000000000000, type: 0}
  m_DefaultReflectionMode: 0
  m_DefaultReflectionResolution: 128
  m_ReflectionBounces: 1
  m_ReflectionIntensity: 1
  m_CustomReflection: {fileID: 0}
  m_Sun: {fileID: 0}
  m_IndirectSpecularColor: {r: 0.18028352, g: 0.22571376, b: 0.3069224, a: 1}
  m_UseRadianceAmbientProbe: 0
--- !u!157 &3
LightmapSettings:
  m_ObjectHideFlags: 0
  serializedVersion: 12
  m_GIWorkflowMode: 1
  m_GISettings:
    serializedVersion: 2
    m_BounceScale: 1
    m_IndirectOutputScale: 1
    m_AlbedoBoost: 1
    m_EnvironmentLightingMode: 0
    m_EnableBakedLightmaps: 1
    m_EnableRealtimeLightmaps: 0
  m_LightmapEditorSettings:
    serializedVersion: 12
    m_Resolution: 2
    m_BakeResolution: 40
    m_AtlasSize: 1024
    m_AO: 0
    m_AOMaxDistance: 1
    m_CompAOExponent: 1
    m_CompAOExponentDirect: 0
    m_ExtractAmbientOcclusion: 0
    m_Padding: 2
    m_LightmapParameters: {fileID: 0}
    m_LightmapsBakeMode: 1
    m_TextureCompression: 1
    m_FinalGather: 0
    m_FinalGatherFiltering: 1
    m_FinalGatherRayCount: 256
    m_ReflectionCompression: 2
    m_MixedBakeMode: 2
    m_BakeBackend: 1
    m_PVRSampling: 1
    m_PVRDirectSampleCount: 32
    m_PVRSampleCount: 512
    m_PVRBounces: 2
    m_PVREnvironmentSampleCount: 256
    m_PVREnvironmentReferencePointCount: 2048
    m_PVRFilteringMode: 1
    m_PVRDenoiserTypeDirect: 1
    m_PVRDenoiserTypeIndirect: 1
    m_PVRDenoiserTypeAO: 1
    m_PVRFilterTypeDirect: 0
    m_PVRFilterTypeIndirect: 0
    m_PVRFilterTypeAO: 0
    m_PVREnvironmentMIS: 1
    m_PVRCulling: 1
    m_PVRFilteringGaussRadiusDirect: 1
    m_PVRFilteringGaussRadiusIndirect: 5
    m_PVRFilteringGaussRadiusAO: 2
    m_PVRFilteringAtrousPositionSigmaDirect: 0.5
    m_PVRFilteringAtrousPositionSigmaIndirect: 2
    m_PVRFilteringAtrousPositionSigmaAO: 1
    m_ExportTrainingData: 0
    m_TrainingDataDestination: TrainingData
    m_LightProbeSampleCountMultiplier: 4
  m_LightingDataAsset: {fileID: 0}
  m_LightingSettings: {fileID: 0}
--- !u!196 &4
NavMeshSettings:
  serializedVersion: 2
  m_ObjectHideFlags: 0
  m_BuildSettings:
    serializedVersion: 2
    agentTypeID: 0
    agentRadius: 0.5
    agentHeight: 2
    agentSlope: 45
    agentClimb: 0.4
    ledgeDropHeight: 0
    maxJumpAcrossDistance: 0
    minRegionArea: 2
    manualCellSize: 0
    cellSize: 0.16666667
    manualTileSize: 0
    tileSize: 256
    accuratePlacement: 0
    maxJobWorkers: 0
    preserveTilesOutsideBounds: 0
    debug:
      m_Flags: 0
  m_NavMeshData: {fileID: 0}
--- !u!1 &69001620
GameObject:
  m_ObjectHideFlags: 0
  m_CorrespondingSourceObject: {fileID: 0}
  m_PrefabInstance: {fileID: 0}
  m_PrefabAsset: {fileID: 0}
  serializedVersion: 6
  m_Component:
  - component: {fileID: 69001622}
  - component: {fileID: 69001621}
  m_Layer: 0
  m_Name: Directional Light
  m_TagString: Untagged
  m_Icon: {fileID: 0}
  m_NavMeshLayer: 0
  m_StaticEditorFlags: 0
  m_IsActive: 1
--- !u!108 &69001621
Light:
  m_ObjectHideFlags: 0
  m_CorrespondingSourceObject: {fileID: 0}
  m_PrefabInstance: {fileID: 0}
  m_PrefabAsset: {fileID: 0}
  m_GameObject: {fileID: 69001620}
  m_Enabled: 1
  serializedVersion: 10
  m_Type: 1
  m_Shape: 0
  m_Color: {r: 1, g: 0.95686275, b: 0.8392157, a: 1}
  m_Intensity: 1
  m_Range: 10
  m_SpotAngle: 30
  m_InnerSpotAngle: 21.80208
  m_CookieSize: 10
  m_Shadows:
    m_Type: 2
    m_Resolution: -1
    m_CustomResolution: -1
    m_Strength: 1
    m_Bias: 0.05
    m_NormalBias: 0.4
    m_NearPlane: 0.2
    m_CullingMatrixOverride:
      e00: 1
      e01: 0
      e02: 0
      e03: 0
      e10: 0
      e11: 1
      e12: 0
      e13: 0
      e20: 0
      e21: 0
      e22: 1
      e23: 0
      e30: 0
      e31: 0
      e32: 0
      e33: 1
    m_UseCullingMatrixOverride: 0
  m_Cookie: {fileID: 0}
  m_DrawHalo: 0
  m_Flare: {fileID: 0}
  m_RenderMode: 0
  m_CullingMask:
    serializedVersion: 2
    m_Bits: 4294967295
  m_RenderingLayerMask: 1
  m_Lightmapping: 4
  m_LightShadowCasterMode: 0
  m_AreaSize: {x: 1, y: 1}
  m_BounceIntensity: 1
  m_ColorTemperature: 6570
  m_UseColorTemperature: 0
  m_BoundingSphereOverride: {x: 0, y: 0, z: 0, w: 0}
  m_UseBoundingSphereOverride: 0
  m_UseViewFrustumForShadowCasterCull: 1
  m_ShadowRadius: 0
  m_ShadowAngle: 0
--- !u!4 &69001622
Transform:
  m_ObjectHideFlags: 0
  m_CorrespondingSourceObject: {fileID: 0}
  m_PrefabInstance: {fileID: 0}
  m_PrefabAsset: {fileID: 0}
  m_GameObject: {fileID: 69001620}
  m_LocalRotation: {x: 0.40821788, y: -0.23456968, z: 0.10938163, w: 0.8754261}
  m_LocalPosition: {x: 0, y: 3, z: 0}
  m_LocalScale: {x: 1, y: 1, z: 1}
  m_Children: []
  m_Father: {fileID: 0}
  m_RootOrder: 1
  m_LocalEulerAnglesHint: {x: 50, y: -30, z: 0}
--- !u!1001 &238270122
PrefabInstance:
  m_ObjectHideFlags: 0
  serializedVersion: 2
  m_Modification:
    m_TransformParent: {fileID: 0}
    m_Modifications:
    - target: {fileID: 125745195948164359, guid: 6d9546f029aa5164088028486b848b9c,
        type: 3}
      propertyPath: m_RootOrder
      value: 3
      objectReference: {fileID: 0}
    - target: {fileID: 125745195948164359, guid: 6d9546f029aa5164088028486b848b9c,
        type: 3}
      propertyPath: m_LocalPosition.x
      value: -5.9262557
      objectReference: {fileID: 0}
    - target: {fileID: 125745195948164359, guid: 6d9546f029aa5164088028486b848b9c,
        type: 3}
      propertyPath: m_LocalPosition.y
      value: -4.8838186
      objectReference: {fileID: 0}
    - target: {fileID: 125745195948164359, guid: 6d9546f029aa5164088028486b848b9c,
        type: 3}
      propertyPath: m_LocalPosition.z
      value: -7.978203
      objectReference: {fileID: 0}
    - target: {fileID: 125745195948164359, guid: 6d9546f029aa5164088028486b848b9c,
        type: 3}
      propertyPath: m_LocalRotation.w
      value: 1
      objectReference: {fileID: 0}
    - target: {fileID: 125745195948164359, guid: 6d9546f029aa5164088028486b848b9c,
        type: 3}
      propertyPath: m_LocalRotation.x
      value: 0
      objectReference: {fileID: 0}
    - target: {fileID: 125745195948164359, guid: 6d9546f029aa5164088028486b848b9c,
        type: 3}
      propertyPath: m_LocalRotation.y
      value: 0
      objectReference: {fileID: 0}
    - target: {fileID: 125745195948164359, guid: 6d9546f029aa5164088028486b848b9c,
        type: 3}
      propertyPath: m_LocalRotation.z
      value: 0
      objectReference: {fileID: 0}
    - target: {fileID: 125745195948164359, guid: 6d9546f029aa5164088028486b848b9c,
        type: 3}
      propertyPath: m_LocalEulerAnglesHint.x
      value: 0
      objectReference: {fileID: 0}
    - target: {fileID: 125745195948164359, guid: 6d9546f029aa5164088028486b848b9c,
        type: 3}
      propertyPath: m_LocalEulerAnglesHint.y
      value: 0
      objectReference: {fileID: 0}
    - target: {fileID: 125745195948164359, guid: 6d9546f029aa5164088028486b848b9c,
        type: 3}
      propertyPath: m_LocalEulerAnglesHint.z
      value: 0
      objectReference: {fileID: 0}
    - target: {fileID: 807257285955560634, guid: 6d9546f029aa5164088028486b848b9c,
        type: 3}
      propertyPath: m_Name
      value: BuildSceneData
      objectReference: {fileID: 0}
    m_RemovedComponents: []
  m_SourcePrefab: {fileID: 100100000, guid: 6d9546f029aa5164088028486b848b9c, type: 3}
--- !u!1001 &574977827
PrefabInstance:
  m_ObjectHideFlags: 0
  serializedVersion: 2
  m_Modification:
    m_TransformParent: {fileID: 0}
    m_Modifications:
    - target: {fileID: 3120990944769450677, guid: 123d30ff25003d94793a6ff7c968073c,
        type: 3}
      propertyPath: m_SizeDelta.x
      value: 195
      objectReference: {fileID: 0}
    - target: {fileID: 3120990944769450677, guid: 123d30ff25003d94793a6ff7c968073c,
        type: 3}
      propertyPath: m_SizeDelta.y
      value: 195
      objectReference: {fileID: 0}
    - target: {fileID: 3120990944769450677, guid: 123d30ff25003d94793a6ff7c968073c,
        type: 3}
      propertyPath: m_AnchoredPosition.y
      value: 47
      objectReference: {fileID: 0}
    - target: {fileID: 3120990944819048043, guid: 123d30ff25003d94793a6ff7c968073c,
        type: 3}
      propertyPath: m_SizeDelta.x
      value: 390
      objectReference: {fileID: 0}
    - target: {fileID: 3120990944819048043, guid: 123d30ff25003d94793a6ff7c968073c,
        type: 3}
      propertyPath: m_SizeDelta.y
      value: 400
      objectReference: {fileID: 0}
    - target: {fileID: 3120990944953607889, guid: 123d30ff25003d94793a6ff7c968073c,
        type: 3}
      propertyPath: m_SizeDelta.x
      value: 330
      objectReference: {fileID: 0}
    - target: {fileID: 3120990944953607889, guid: 123d30ff25003d94793a6ff7c968073c,
        type: 3}
      propertyPath: m_SizeDelta.y
      value: 330
      objectReference: {fileID: 0}
    - target: {fileID: 3120990944953607889, guid: 123d30ff25003d94793a6ff7c968073c,
        type: 3}
      propertyPath: m_AnchoredPosition.x
      value: 145
      objectReference: {fileID: 0}
    - target: {fileID: 3120990944953607889, guid: 123d30ff25003d94793a6ff7c968073c,
        type: 3}
      propertyPath: m_AnchoredPosition.y
      value: -540
      objectReference: {fileID: 0}
    - target: {fileID: 3120990945096674583, guid: 123d30ff25003d94793a6ff7c968073c,
        type: 3}
      propertyPath: m_ReferenceResolution.x
      value: 1440
      objectReference: {fileID: 0}
    - target: {fileID: 3120990945096674583, guid: 123d30ff25003d94793a6ff7c968073c,
        type: 3}
      propertyPath: m_ReferenceResolution.y
      value: 2880
      objectReference: {fileID: 0}
    - target: {fileID: 3120990945405266691, guid: 123d30ff25003d94793a6ff7c968073c,
        type: 3}
      propertyPath: m_SizeDelta.x
      value: 330
      objectReference: {fileID: 0}
    - target: {fileID: 3120990945405266691, guid: 123d30ff25003d94793a6ff7c968073c,
        type: 3}
      propertyPath: m_SizeDelta.y
      value: 330
      objectReference: {fileID: 0}
    - target: {fileID: 3120990945405266691, guid: 123d30ff25003d94793a6ff7c968073c,
        type: 3}
      propertyPath: m_AnchoredPosition.x
      value: -145
      objectReference: {fileID: 0}
    - target: {fileID: 3120990945405266691, guid: 123d30ff25003d94793a6ff7c968073c,
        type: 3}
      propertyPath: m_AnchoredPosition.y
      value: -540
      objectReference: {fileID: 0}
    - target: {fileID: 3120990945787638847, guid: 123d30ff25003d94793a6ff7c968073c,
        type: 3}
      propertyPath: m_SizeDelta.x
      value: 145
      objectReference: {fileID: 0}
    - target: {fileID: 3120990945787638847, guid: 123d30ff25003d94793a6ff7c968073c,
        type: 3}
      propertyPath: m_SizeDelta.y
      value: 145
      objectReference: {fileID: 0}
    - target: {fileID: 3120990945787638847, guid: 123d30ff25003d94793a6ff7c968073c,
        type: 3}
      propertyPath: m_AnchoredPosition.y
      value: 46
      objectReference: {fileID: 0}
    - target: {fileID: 3120990945989793338, guid: 123d30ff25003d94793a6ff7c968073c,
        type: 3}
      propertyPath: m_SizeDelta.x
      value: 330
      objectReference: {fileID: 0}
    - target: {fileID: 3120990945989793338, guid: 123d30ff25003d94793a6ff7c968073c,
        type: 3}
      propertyPath: m_SizeDelta.y
      value: 330
      objectReference: {fileID: 0}
    - target: {fileID: 3120990945989793338, guid: 123d30ff25003d94793a6ff7c968073c,
        type: 3}
      propertyPath: m_AnchoredPosition.x
      value: -145
      objectReference: {fileID: 0}
    - target: {fileID: 3120990945989793338, guid: 123d30ff25003d94793a6ff7c968073c,
        type: 3}
      propertyPath: m_AnchoredPosition.y
      value: -540
      objectReference: {fileID: 0}
    - target: {fileID: 3120990945989793339, guid: 123d30ff25003d94793a6ff7c968073c,
        type: 3}
      propertyPath: m_IsActive
      value: 0
      objectReference: {fileID: 0}
    - target: {fileID: 3120990946150392461, guid: 123d30ff25003d94793a6ff7c968073c,
        type: 3}
      propertyPath: m_RootOrder
      value: 4
      objectReference: {fileID: 0}
    - target: {fileID: 3120990946150392461, guid: 123d30ff25003d94793a6ff7c968073c,
        type: 3}
      propertyPath: m_LocalPosition.x
      value: 0
      objectReference: {fileID: 0}
    - target: {fileID: 3120990946150392461, guid: 123d30ff25003d94793a6ff7c968073c,
        type: 3}
      propertyPath: m_LocalPosition.y
      value: 0
      objectReference: {fileID: 0}
    - target: {fileID: 3120990946150392461, guid: 123d30ff25003d94793a6ff7c968073c,
        type: 3}
      propertyPath: m_LocalPosition.z
      value: 0
      objectReference: {fileID: 0}
    - target: {fileID: 3120990946150392461, guid: 123d30ff25003d94793a6ff7c968073c,
        type: 3}
      propertyPath: m_LocalRotation.w
      value: 1
      objectReference: {fileID: 0}
    - target: {fileID: 3120990946150392461, guid: 123d30ff25003d94793a6ff7c968073c,
        type: 3}
      propertyPath: m_LocalRotation.x
      value: 0
      objectReference: {fileID: 0}
    - target: {fileID: 3120990946150392461, guid: 123d30ff25003d94793a6ff7c968073c,
        type: 3}
      propertyPath: m_LocalRotation.y
      value: 0
      objectReference: {fileID: 0}
    - target: {fileID: 3120990946150392461, guid: 123d30ff25003d94793a6ff7c968073c,
        type: 3}
      propertyPath: m_LocalRotation.z
      value: 0
      objectReference: {fileID: 0}
    - target: {fileID: 3120990946150392461, guid: 123d30ff25003d94793a6ff7c968073c,
        type: 3}
      propertyPath: m_LocalEulerAnglesHint.x
      value: 0
      objectReference: {fileID: 0}
    - target: {fileID: 3120990946150392461, guid: 123d30ff25003d94793a6ff7c968073c,
        type: 3}
      propertyPath: m_LocalEulerAnglesHint.y
      value: 0
      objectReference: {fileID: 0}
    - target: {fileID: 3120990946150392461, guid: 123d30ff25003d94793a6ff7c968073c,
        type: 3}
      propertyPath: m_LocalEulerAnglesHint.z
      value: 0
      objectReference: {fileID: 0}
    - target: {fileID: 3120990946150392462, guid: 123d30ff25003d94793a6ff7c968073c,
        type: 3}
      propertyPath: m_Name
      value: BridgeSceneManager
      objectReference: {fileID: 0}
    - target: {fileID: 3120990946276350113, guid: 123d30ff25003d94793a6ff7c968073c,
        type: 3}
      propertyPath: m_FontData.m_FontSize
      value: 85
      objectReference: {fileID: 0}
    - target: {fileID: 3120990946276350114, guid: 123d30ff25003d94793a6ff7c968073c,
        type: 3}
      propertyPath: m_SizeDelta.x
      value: 240
      objectReference: {fileID: 0}
    - target: {fileID: 3120990946276350114, guid: 123d30ff25003d94793a6ff7c968073c,
        type: 3}
      propertyPath: m_SizeDelta.y
      value: 45
      objectReference: {fileID: 0}
    - target: {fileID: 3120990946276350114, guid: 123d30ff25003d94793a6ff7c968073c,
        type: 3}
      propertyPath: m_AnchoredPosition.y
      value: -76
      objectReference: {fileID: 0}
    - target: {fileID: 3120990946399312316, guid: 123d30ff25003d94793a6ff7c968073c,
        type: 3}
      propertyPath: m_SizeDelta.x
      value: 390
      objectReference: {fileID: 0}
    - target: {fileID: 3120990946399312316, guid: 123d30ff25003d94793a6ff7c968073c,
        type: 3}
      propertyPath: m_SizeDelta.y
      value: 400
      objectReference: {fileID: 0}
    - target: {fileID: 3120990946412142319, guid: 123d30ff25003d94793a6ff7c968073c,
        type: 3}
      propertyPath: m_SizeDelta.x
      value: 390
      objectReference: {fileID: 0}
    - target: {fileID: 3120990946412142319, guid: 123d30ff25003d94793a6ff7c968073c,
        type: 3}
      propertyPath: m_SizeDelta.y
      value: 400
      objectReference: {fileID: 0}
    - target: {fileID: 3120990946480989856, guid: 123d30ff25003d94793a6ff7c968073c,
        type: 3}
      propertyPath: m_SizeDelta.x
      value: 190
      objectReference: {fileID: 0}
    - target: {fileID: 3120990946480989856, guid: 123d30ff25003d94793a6ff7c968073c,
        type: 3}
      propertyPath: m_SizeDelta.y
      value: 190
      objectReference: {fileID: 0}
    - target: {fileID: 3120990946480989856, guid: 123d30ff25003d94793a6ff7c968073c,
        type: 3}
      propertyPath: m_AnchoredPosition.y
      value: 45
      objectReference: {fileID: 0}
    - target: {fileID: 3120990946491886381, guid: 123d30ff25003d94793a6ff7c968073c,
        type: 3}
      propertyPath: m_IsActive
      value: 0
      objectReference: {fileID: 0}
    - target: {fileID: 3120990946582469992, guid: 123d30ff25003d94793a6ff7c968073c,
        type: 3}
      propertyPath: m_SizeDelta.x
      value: 240
      objectReference: {fileID: 0}
    - target: {fileID: 3120990946582469992, guid: 123d30ff25003d94793a6ff7c968073c,
        type: 3}
      propertyPath: m_SizeDelta.y
      value: 45
      objectReference: {fileID: 0}
    - target: {fileID: 3120990946582469992, guid: 123d30ff25003d94793a6ff7c968073c,
        type: 3}
      propertyPath: m_AnchoredPosition.y
      value: -76
      objectReference: {fileID: 0}
    - target: {fileID: 3120990946582469999, guid: 123d30ff25003d94793a6ff7c968073c,
        type: 3}
      propertyPath: m_FontData.m_FontSize
      value: 85
      objectReference: {fileID: 0}
    - target: {fileID: 3120990946832719914, guid: 123d30ff25003d94793a6ff7c968073c,
        type: 3}
      propertyPath: m_FontData.m_FontSize
      value: 85
      objectReference: {fileID: 0}
    - target: {fileID: 3120990946832719915, guid: 123d30ff25003d94793a6ff7c968073c,
        type: 3}
      propertyPath: m_SizeDelta.x
      value: 240
      objectReference: {fileID: 0}
    - target: {fileID: 3120990946832719915, guid: 123d30ff25003d94793a6ff7c968073c,
        type: 3}
      propertyPath: m_SizeDelta.y
      value: 45
      objectReference: {fileID: 0}
    - target: {fileID: 3120990946832719915, guid: 123d30ff25003d94793a6ff7c968073c,
        type: 3}
      propertyPath: m_AnchoredPosition.y
      value: -71
      objectReference: {fileID: 0}
    m_RemovedComponents: []
  m_SourcePrefab: {fileID: 100100000, guid: 123d30ff25003d94793a6ff7c968073c, type: 3}
--- !u!1 &574977828 stripped
GameObject:
  m_CorrespondingSourceObject: {fileID: 3120990946150392462, guid: 123d30ff25003d94793a6ff7c968073c,
    type: 3}
  m_PrefabInstance: {fileID: 574977827}
  m_PrefabAsset: {fileID: 0}
--- !u!114 &574977829 stripped
MonoBehaviour:
  m_CorrespondingSourceObject: {fileID: 3120990944953607888, guid: 123d30ff25003d94793a6ff7c968073c,
    type: 3}
  m_PrefabInstance: {fileID: 574977827}
  m_PrefabAsset: {fileID: 0}
  m_GameObject: {fileID: 0}
  m_Enabled: 1
  m_EditorHideFlags: 0
  m_Script: {fileID: 11500000, guid: 4e29b1a8efbd4b44bb3f3716e73f07ff, type: 3}
  m_Name: 
  m_EditorClassIdentifier: 
--- !u!114 &574977830 stripped
MonoBehaviour:
  m_CorrespondingSourceObject: {fileID: 3120990945989793337, guid: 123d30ff25003d94793a6ff7c968073c,
    type: 3}
  m_PrefabInstance: {fileID: 574977827}
  m_PrefabAsset: {fileID: 0}
  m_GameObject: {fileID: 0}
  m_Enabled: 1
  m_EditorHideFlags: 0
  m_Script: {fileID: 11500000, guid: 4e29b1a8efbd4b44bb3f3716e73f07ff, type: 3}
  m_Name: 
  m_EditorClassIdentifier: 
--- !u!114 &574977831 stripped
MonoBehaviour:
  m_CorrespondingSourceObject: {fileID: 3120990945405266690, guid: 123d30ff25003d94793a6ff7c968073c,
    type: 3}
  m_PrefabInstance: {fileID: 574977827}
  m_PrefabAsset: {fileID: 0}
  m_GameObject: {fileID: 0}
  m_Enabled: 1
  m_EditorHideFlags: 0
  m_Script: {fileID: 11500000, guid: 4e29b1a8efbd4b44bb3f3716e73f07ff, type: 3}
  m_Name: 
  m_EditorClassIdentifier: 
--- !u!114 &574977832 stripped
MonoBehaviour:
  m_CorrespondingSourceObject: {fileID: 3120990946491886387, guid: 123d30ff25003d94793a6ff7c968073c,
    type: 3}
  m_PrefabInstance: {fileID: 574977827}
  m_PrefabAsset: {fileID: 0}
  m_GameObject: {fileID: 574977833}
  m_Enabled: 1
  m_EditorHideFlags: 0
  m_Script: {fileID: 11500000, guid: 4e29b1a8efbd4b44bb3f3716e73f07ff, type: 3}
  m_Name: 
  m_EditorClassIdentifier: 
--- !u!1 &574977833 stripped
GameObject:
  m_CorrespondingSourceObject: {fileID: 3120990946491886381, guid: 123d30ff25003d94793a6ff7c968073c,
    type: 3}
  m_PrefabInstance: {fileID: 574977827}
  m_PrefabAsset: {fileID: 0}
--- !u!114 &574977834
MonoBehaviour:
  m_ObjectHideFlags: 0
  m_CorrespondingSourceObject: {fileID: 0}
  m_PrefabInstance: {fileID: 0}
  m_PrefabAsset: {fileID: 0}
  m_GameObject: {fileID: 574977828}
  m_Enabled: 1
  m_EditorHideFlags: 0
  m_Script: {fileID: 11500000, guid: 4cf61a79e68ed8745b8659111bff320b, type: 3}
  m_Name: 
  m_EditorClassIdentifier: 
  selectableModels: {fileID: 0}
  noAdGameObject: {fileID: 574977833}
  noAdButton: {fileID: 574977832}
  levelsButton: {fileID: 574977831}
  skinShopButton: {fileID: 574977830}
  roomShopButton: {fileID: 574977829}
  idleList:
  - {fileID: 822989106}
  loaderList:
  - {fileID: 692343044}
  shopList: []
  settingsList: []
--- !u!1001 &642634293
PrefabInstance:
  m_ObjectHideFlags: 0
  serializedVersion: 2
  m_Modification:
    m_TransformParent: {fileID: 0}
    m_Modifications:
    - target: {fileID: 6624551428861929263, guid: dbc3614bdcb338644a13334930f08ed0,
        type: 3}
      propertyPath: m_AnchorMax.y
      value: 0
      objectReference: {fileID: 0}
    - target: {fileID: 7732331071718604090, guid: dbc3614bdcb338644a13334930f08ed0,
        type: 3}
      propertyPath: m_Pivot.x
      value: 0
      objectReference: {fileID: 0}
    - target: {fileID: 7732331071718604090, guid: dbc3614bdcb338644a13334930f08ed0,
        type: 3}
      propertyPath: m_Pivot.y
      value: 0
      objectReference: {fileID: 0}
    - target: {fileID: 7732331071718604090, guid: dbc3614bdcb338644a13334930f08ed0,
        type: 3}
      propertyPath: m_RootOrder
      value: 2
      objectReference: {fileID: 0}
    - target: {fileID: 7732331071718604090, guid: dbc3614bdcb338644a13334930f08ed0,
        type: 3}
      propertyPath: m_AnchorMax.x
      value: 0
      objectReference: {fileID: 0}
    - target: {fileID: 7732331071718604090, guid: dbc3614bdcb338644a13334930f08ed0,
        type: 3}
      propertyPath: m_AnchorMax.y
      value: 0
      objectReference: {fileID: 0}
    - target: {fileID: 7732331071718604090, guid: dbc3614bdcb338644a13334930f08ed0,
        type: 3}
      propertyPath: m_AnchorMin.x
      value: 0
      objectReference: {fileID: 0}
    - target: {fileID: 7732331071718604090, guid: dbc3614bdcb338644a13334930f08ed0,
        type: 3}
      propertyPath: m_AnchorMin.y
      value: 0
      objectReference: {fileID: 0}
    - target: {fileID: 7732331071718604090, guid: dbc3614bdcb338644a13334930f08ed0,
        type: 3}
      propertyPath: m_SizeDelta.x
      value: 0
      objectReference: {fileID: 0}
    - target: {fileID: 7732331071718604090, guid: dbc3614bdcb338644a13334930f08ed0,
        type: 3}
      propertyPath: m_SizeDelta.y
      value: 0
      objectReference: {fileID: 0}
    - target: {fileID: 7732331071718604090, guid: dbc3614bdcb338644a13334930f08ed0,
        type: 3}
      propertyPath: m_LocalPosition.x
      value: 0
      objectReference: {fileID: 0}
    - target: {fileID: 7732331071718604090, guid: dbc3614bdcb338644a13334930f08ed0,
        type: 3}
      propertyPath: m_LocalPosition.y
      value: 0
      objectReference: {fileID: 0}
    - target: {fileID: 7732331071718604090, guid: dbc3614bdcb338644a13334930f08ed0,
        type: 3}
      propertyPath: m_LocalPosition.z
      value: 0
      objectReference: {fileID: 0}
    - target: {fileID: 7732331071718604090, guid: dbc3614bdcb338644a13334930f08ed0,
        type: 3}
      propertyPath: m_LocalRotation.w
      value: 1
      objectReference: {fileID: 0}
    - target: {fileID: 7732331071718604090, guid: dbc3614bdcb338644a13334930f08ed0,
        type: 3}
      propertyPath: m_LocalRotation.x
      value: 0
      objectReference: {fileID: 0}
    - target: {fileID: 7732331071718604090, guid: dbc3614bdcb338644a13334930f08ed0,
        type: 3}
      propertyPath: m_LocalRotation.y
      value: 0
      objectReference: {fileID: 0}
    - target: {fileID: 7732331071718604090, guid: dbc3614bdcb338644a13334930f08ed0,
        type: 3}
      propertyPath: m_LocalRotation.z
      value: 0
      objectReference: {fileID: 0}
    - target: {fileID: 7732331071718604090, guid: dbc3614bdcb338644a13334930f08ed0,
        type: 3}
      propertyPath: m_AnchoredPosition.x
      value: 0
      objectReference: {fileID: 0}
    - target: {fileID: 7732331071718604090, guid: dbc3614bdcb338644a13334930f08ed0,
        type: 3}
      propertyPath: m_AnchoredPosition.y
      value: 0
      objectReference: {fileID: 0}
    - target: {fileID: 7732331071718604090, guid: dbc3614bdcb338644a13334930f08ed0,
        type: 3}
      propertyPath: m_LocalEulerAnglesHint.x
      value: 0
      objectReference: {fileID: 0}
    - target: {fileID: 7732331071718604090, guid: dbc3614bdcb338644a13334930f08ed0,
        type: 3}
      propertyPath: m_LocalEulerAnglesHint.y
      value: 0
      objectReference: {fileID: 0}
    - target: {fileID: 7732331071718604090, guid: dbc3614bdcb338644a13334930f08ed0,
        type: 3}
      propertyPath: m_LocalEulerAnglesHint.z
      value: 0
      objectReference: {fileID: 0}
    - target: {fileID: 7732331071718604094, guid: dbc3614bdcb338644a13334930f08ed0,
        type: 3}
      propertyPath: m_Name
      value: LoaderCanvas (3)
      objectReference: {fileID: 0}
    - target: {fileID: 7732331071718604094, guid: dbc3614bdcb338644a13334930f08ed0,
        type: 3}
      propertyPath: m_IsActive
      value: 0
      objectReference: {fileID: 0}
    - target: {fileID: 8550349742548593999, guid: dbc3614bdcb338644a13334930f08ed0,
        type: 3}
      propertyPath: m_AnchorMax.y
      value: 0
      objectReference: {fileID: 0}
    m_RemovedComponents: []
  m_SourcePrefab: {fileID: 100100000, guid: dbc3614bdcb338644a13334930f08ed0, type: 3}
--- !u!1 &692343044 stripped
GameObject:
  m_CorrespondingSourceObject: {fileID: 7732331071718604094, guid: dbc3614bdcb338644a13334930f08ed0,
    type: 3}
  m_PrefabInstance: {fileID: 642634293}
  m_PrefabAsset: {fileID: 0}
--- !u!1 &822989106 stripped
GameObject:
  m_CorrespondingSourceObject: {fileID: 3120990945493577551, guid: 123d30ff25003d94793a6ff7c968073c,
    type: 3}
  m_PrefabInstance: {fileID: 574977827}
  m_PrefabAsset: {fileID: 0}
--- !u!1 &1473420377
GameObject:
  m_ObjectHideFlags: 0
  m_CorrespondingSourceObject: {fileID: 0}
  m_PrefabInstance: {fileID: 0}
  m_PrefabAsset: {fileID: 0}
  serializedVersion: 6
  m_Component:
  - component: {fileID: 1473420380}
  - component: {fileID: 1473420379}
  - component: {fileID: 1473420378}
  - component: {fileID: 1473420381}
  m_Layer: 0
  m_Name: Main Camera
  m_TagString: MainCamera
  m_Icon: {fileID: 0}
  m_NavMeshLayer: 0
  m_StaticEditorFlags: 0
  m_IsActive: 1
--- !u!81 &1473420378
AudioListener:
  m_ObjectHideFlags: 0
  m_CorrespondingSourceObject: {fileID: 0}
  m_PrefabInstance: {fileID: 0}
  m_PrefabAsset: {fileID: 0}
  m_GameObject: {fileID: 1473420377}
  m_Enabled: 1
--- !u!20 &1473420379
Camera:
  m_ObjectHideFlags: 0
  m_CorrespondingSourceObject: {fileID: 0}
  m_PrefabInstance: {fileID: 0}
  m_PrefabAsset: {fileID: 0}
  m_GameObject: {fileID: 1473420377}
  m_Enabled: 1
  serializedVersion: 2
  m_ClearFlags: 1
  m_BackGroundColor: {r: 0.19215687, g: 0.3019608, b: 0.4745098, a: 0}
  m_projectionMatrixMode: 1
  m_GateFitMode: 2
  m_FOVAxisMode: 0
  m_SensorSize: {x: 36, y: 24}
  m_LensShift: {x: 0, y: 0}
  m_FocalLength: 50
  m_NormalizedViewPortRect:
    serializedVersion: 2
    x: 0
    y: 0
    width: 1
    height: 1
  near clip plane: 0.3
  far clip plane: 1000
  field of view: 60
  orthographic: 0
  orthographic size: 5
  m_Depth: -1
  m_CullingMask:
    serializedVersion: 2
    m_Bits: 4294967295
  m_RenderingPath: -1
  m_TargetTexture: {fileID: 0}
  m_TargetDisplay: 0
  m_TargetEye: 3
  m_HDR: 1
  m_AllowMSAA: 1
  m_AllowDynamicResolution: 0
  m_ForceIntoRT: 0
  m_OcclusionCulling: 1
  m_StereoConvergence: 10
  m_StereoSeparation: 0.022
--- !u!4 &1473420380
Transform:
  m_ObjectHideFlags: 0
  m_CorrespondingSourceObject: {fileID: 0}
  m_PrefabInstance: {fileID: 0}
  m_PrefabAsset: {fileID: 0}
  m_GameObject: {fileID: 1473420377}
  m_LocalRotation: {x: 0, y: 0, z: 0, w: 1}
  m_LocalPosition: {x: 0, y: 1, z: -10}
  m_LocalScale: {x: 1, y: 1, z: 1}
  m_Children: []
  m_Father: {fileID: 0}
  m_RootOrder: 0
  m_LocalEulerAnglesHint: {x: 0, y: 0, z: 0}
--- !u!114 &1473420381
MonoBehaviour:
  m_ObjectHideFlags: 0
  m_CorrespondingSourceObject: {fileID: 0}
  m_PrefabInstance: {fileID: 0}
  m_PrefabAsset: {fileID: 0}
  m_GameObject: {fileID: 1473420377}
  m_Enabled: 1
  m_EditorHideFlags: 0
  m_Script: {fileID: 11500000, guid: a79441f348de89743a2939f4d699eac1, type: 3}
  m_Name: 
  m_EditorClassIdentifier: 
  m_RenderShadows: 1
  m_RequiresDepthTextureOption: 2
  m_RequiresOpaqueTextureOption: 2
  m_CameraType: 0
  m_Cameras: []
  m_RendererIndex: -1
  m_VolumeLayerMask:
    serializedVersion: 2
    m_Bits: 1
  m_VolumeTrigger: {fileID: 0}
  m_RenderPostProcessing: 0
  m_Antialiasing: 0
  m_AntialiasingQuality: 2
  m_StopNaN: 0
  m_Dithering: 0
  m_ClearDepth: 1
  m_AllowXRRendering: 1
  m_RequiresDepthTexture: 0
  m_RequiresColorTexture: 0
  m_Version: 2
--- !u!1001 &1496278466
PrefabInstance:
  m_ObjectHideFlags: 0
  serializedVersion: 2
  m_Modification:
    m_TransformParent: {fileID: 0}
    m_Modifications:
    - target: {fileID: 414313726998084528, guid: fbb7c008204aa6846b3269a13637a5c8,
        type: 3}
      propertyPath: m_Name
      value: Shop Canvas
      objectReference: {fileID: 0}
    - target: {fileID: 414313726998084540, guid: fbb7c008204aa6846b3269a13637a5c8,
        type: 3}
      propertyPath: m_Pivot.x
      value: 0
      objectReference: {fileID: 0}
    - target: {fileID: 414313726998084540, guid: fbb7c008204aa6846b3269a13637a5c8,
        type: 3}
      propertyPath: m_Pivot.y
      value: 0
      objectReference: {fileID: 0}
    - target: {fileID: 414313726998084540, guid: fbb7c008204aa6846b3269a13637a5c8,
        type: 3}
      propertyPath: m_RootOrder
      value: 5
      objectReference: {fileID: 0}
    - target: {fileID: 414313726998084540, guid: fbb7c008204aa6846b3269a13637a5c8,
        type: 3}
      propertyPath: m_AnchorMax.x
      value: 0
      objectReference: {fileID: 0}
    - target: {fileID: 414313726998084540, guid: fbb7c008204aa6846b3269a13637a5c8,
        type: 3}
      propertyPath: m_AnchorMax.y
      value: 0
      objectReference: {fileID: 0}
    - target: {fileID: 414313726998084540, guid: fbb7c008204aa6846b3269a13637a5c8,
        type: 3}
      propertyPath: m_AnchorMin.x
      value: 0
      objectReference: {fileID: 0}
    - target: {fileID: 414313726998084540, guid: fbb7c008204aa6846b3269a13637a5c8,
        type: 3}
      propertyPath: m_AnchorMin.y
      value: 0
      objectReference: {fileID: 0}
    - target: {fileID: 414313726998084540, guid: fbb7c008204aa6846b3269a13637a5c8,
        type: 3}
      propertyPath: m_SizeDelta.x
      value: 0
      objectReference: {fileID: 0}
    - target: {fileID: 414313726998084540, guid: fbb7c008204aa6846b3269a13637a5c8,
        type: 3}
      propertyPath: m_SizeDelta.y
      value: 0
      objectReference: {fileID: 0}
    - target: {fileID: 414313726998084540, guid: fbb7c008204aa6846b3269a13637a5c8,
        type: 3}
      propertyPath: m_LocalPosition.x
      value: 0
      objectReference: {fileID: 0}
    - target: {fileID: 414313726998084540, guid: fbb7c008204aa6846b3269a13637a5c8,
        type: 3}
      propertyPath: m_LocalPosition.y
      value: 0
      objectReference: {fileID: 0}
    - target: {fileID: 414313726998084540, guid: fbb7c008204aa6846b3269a13637a5c8,
        type: 3}
      propertyPath: m_LocalPosition.z
      value: 0
      objectReference: {fileID: 0}
    - target: {fileID: 414313726998084540, guid: fbb7c008204aa6846b3269a13637a5c8,
        type: 3}
      propertyPath: m_LocalRotation.w
      value: 1
      objectReference: {fileID: 0}
    - target: {fileID: 414313726998084540, guid: fbb7c008204aa6846b3269a13637a5c8,
        type: 3}
      propertyPath: m_LocalRotation.x
      value: 0
      objectReference: {fileID: 0}
    - target: {fileID: 414313726998084540, guid: fbb7c008204aa6846b3269a13637a5c8,
        type: 3}
      propertyPath: m_LocalRotation.y
      value: 0
      objectReference: {fileID: 0}
    - target: {fileID: 414313726998084540, guid: fbb7c008204aa6846b3269a13637a5c8,
        type: 3}
      propertyPath: m_LocalRotation.z
      value: 0
      objectReference: {fileID: 0}
    - target: {fileID: 414313726998084540, guid: fbb7c008204aa6846b3269a13637a5c8,
        type: 3}
      propertyPath: m_AnchoredPosition.x
      value: 0
      objectReference: {fileID: 0}
    - target: {fileID: 414313726998084540, guid: fbb7c008204aa6846b3269a13637a5c8,
        type: 3}
      propertyPath: m_AnchoredPosition.y
      value: 0
      objectReference: {fileID: 0}
    - target: {fileID: 414313726998084540, guid: fbb7c008204aa6846b3269a13637a5c8,
        type: 3}
      propertyPath: m_LocalEulerAnglesHint.x
      value: 0
      objectReference: {fileID: 0}
    - target: {fileID: 414313726998084540, guid: fbb7c008204aa6846b3269a13637a5c8,
        type: 3}
      propertyPath: m_LocalEulerAnglesHint.y
      value: 0
      objectReference: {fileID: 0}
    - target: {fileID: 414313726998084540, guid: fbb7c008204aa6846b3269a13637a5c8,
        type: 3}
      propertyPath: m_LocalEulerAnglesHint.z
      value: 0
      objectReference: {fileID: 0}
    m_RemovedComponents: []
  m_SourcePrefab: {fileID: 100100000, guid: fbb7c008204aa6846b3269a13637a5c8, type: 3}
