%YAML 1.1
%TAG !u! tag:unity3d.com,2011:
--- !u!1 &3182548464821377111
GameObject:
  m_ObjectHideFlags: 0
  m_CorrespondingSourceObject: {fileID: 0}
  m_PrefabInstance: {fileID: 0}
  m_PrefabAsset: {fileID: 0}
  serializedVersion: 6
  m_Component:
  - component: {fileID: 3182548464821377110}
  m_Layer: 0
  m_Name: bird
  m_TagString: Untagged
  m_Icon: {fileID: 0}
  m_NavMeshLayer: 0
  m_StaticEditorFlags: 0
  m_IsActive: 1
--- !u!4 &3182548464821377110
Transform:
  m_ObjectHideFlags: 0
  m_CorrespondingSourceObject: {fileID: 0}
  m_PrefabInstance: {fileID: 0}
  m_PrefabAsset: {fileID: 0}
  m_GameObject: {fileID: 3182548464821377111}
  m_LocalRotation: {x: 0, y: 0, z: 0, w: 1}
  m_LocalPosition: {x: 0, y: 3, z: -10}
  m_LocalScale: {x: 1, y: 1, z: 1}
  m_Children:
  - {fileID: 8363140783698127926}
  - {fileID: 3143538424763541893}
  m_Father: {fileID: 3182548465758057059}
  m_RootOrder: 4
  m_LocalEulerAnglesHint: {x: 0, y: 0, z: 0}
--- !u!1 &3182548464976079028
GameObject:
  m_ObjectHideFlags: 0
  m_CorrespondingSourceObject: {fileID: 0}
  m_PrefabInstance: {fileID: 0}
  m_PrefabAsset: {fileID: 0}
  serializedVersion: 6
  m_Component:
  - component: {fileID: 3182548464976079027}
  m_Layer: 0
  m_Name: pos0_3
  m_TagString: Untagged
  m_Icon: {fileID: 0}
  m_NavMeshLayer: 0
  m_StaticEditorFlags: 0
  m_IsActive: 1
--- !u!4 &3182548464976079027
Transform:
  m_ObjectHideFlags: 0
  m_CorrespondingSourceObject: {fileID: 0}
  m_PrefabInstance: {fileID: 0}
  m_PrefabAsset: {fileID: 0}
  m_GameObject: {fileID: 3182548464976079028}
  m_LocalRotation: {x: 0, y: 0.7071068, z: 0, w: 0.7071068}
  m_LocalPosition: {x: 10, y: 3, z: 0}
  m_LocalScale: {x: 1, y: 1, z: 1}
  m_Children: []
  m_Father: {fileID: 3182548465371317908}
  m_RootOrder: 3
  m_LocalEulerAnglesHint: {x: 0, y: 90, z: 0}
--- !u!1 &3182548465333423235
GameObject:
  m_ObjectHideFlags: 0
  m_CorrespondingSourceObject: {fileID: 0}
  m_PrefabInstance: {fileID: 0}
  m_PrefabAsset: {fileID: 0}
  serializedVersion: 6
  m_Component:
  - component: {fileID: 3182548465333423234}
  m_Layer: 0
  m_Name: pos0
  m_TagString: Untagged
  m_Icon: {fileID: 0}
  m_NavMeshLayer: 0
  m_StaticEditorFlags: 0
  m_IsActive: 1
--- !u!4 &3182548465333423234
Transform:
  m_ObjectHideFlags: 0
  m_CorrespondingSourceObject: {fileID: 0}
  m_PrefabInstance: {fileID: 0}
  m_PrefabAsset: {fileID: 0}
  m_GameObject: {fileID: 3182548465333423235}
  m_LocalRotation: {x: 0, y: 0, z: 0, w: 1}
  m_LocalPosition: {x: 0, y: 3, z: -10}
  m_LocalScale: {x: 1, y: 1, z: 1}
  m_Children: []
  m_Father: {fileID: 3182548465371317908}
  m_RootOrder: 0
  m_LocalEulerAnglesHint: {x: 0, y: 0, z: 0}
--- !u!1 &3182548465371317909
GameObject:
  m_ObjectHideFlags: 0
  m_CorrespondingSourceObject: {fileID: 0}
  m_PrefabInstance: {fileID: 0}
  m_PrefabAsset: {fileID: 0}
  serializedVersion: 6
  m_Component:
  - component: {fileID: 3182548465371317908}
  m_Layer: 0
  m_Name: RefPoses
  m_TagString: Untagged
  m_Icon: {fileID: 0}
  m_NavMeshLayer: 0
  m_StaticEditorFlags: 0
  m_IsActive: 1
--- !u!4 &3182548465371317908
Transform:
  m_ObjectHideFlags: 0
  m_CorrespondingSourceObject: {fileID: 0}
  m_PrefabInstance: {fileID: 0}
  m_PrefabAsset: {fileID: 0}
  m_GameObject: {fileID: 3182548465371317909}
  m_LocalRotation: {x: 0, y: 0, z: 0, w: 1}
  m_LocalPosition: {x: 0, y: 0, z: 0}
  m_LocalScale: {x: 1, y: 1, z: 1}
  m_Children:
  - {fileID: 3182548465333423234}
  - {fileID: 3182548465577423241}
  - {fileID: 3182548466041514968}
  - {fileID: 3182548464976079027}
  m_Father: {fileID: 3182548465758057059}
  m_RootOrder: 5
  m_LocalEulerAnglesHint: {x: 0, y: 0, z: 0}
--- !u!1 &3182548465577423242
GameObject:
  m_ObjectHideFlags: 0
  m_CorrespondingSourceObject: {fileID: 0}
  m_PrefabInstance: {fileID: 0}
  m_PrefabAsset: {fileID: 0}
  serializedVersion: 6
  m_Component:
  - component: {fileID: 3182548465577423241}
  m_Layer: 0
  m_Name: pos0_1
  m_TagString: Untagged
  m_Icon: {fileID: 0}
  m_NavMeshLayer: 0
  m_StaticEditorFlags: 0
  m_IsActive: 1
--- !u!4 &3182548465577423241
Transform:
  m_ObjectHideFlags: 0
  m_CorrespondingSourceObject: {fileID: 0}
  m_PrefabInstance: {fileID: 0}
  m_PrefabAsset: {fileID: 0}
  m_GameObject: {fileID: 3182548465577423242}
  m_LocalRotation: {x: 0, y: 0, z: 0, w: 1}
  m_LocalPosition: {x: 0, y: 0, z: 0}
  m_LocalScale: {x: 1, y: 1, z: 1}
  m_Children: []
  m_Father: {fileID: 3182548465371317908}
  m_RootOrder: 1
  m_LocalEulerAnglesHint: {x: 0, y: 0, z: 0}
--- !u!1 &3182548465758057060
GameObject:
  m_ObjectHideFlags: 0
  m_CorrespondingSourceObject: {fileID: 0}
  m_PrefabInstance: {fileID: 0}
  m_PrefabAsset: {fileID: 0}
  serializedVersion: 6
  m_Component:
  - component: {fileID: 3182548465758057059}
  m_Layer: 0
  m_Name: BirdHitting
  m_TagString: Untagged
  m_Icon: {fileID: 0}
  m_NavMeshLayer: 0
  m_StaticEditorFlags: 0
  m_IsActive: 1
--- !u!4 &3182548465758057059
Transform:
  m_ObjectHideFlags: 0
  m_CorrespondingSourceObject: {fileID: 0}
  m_PrefabInstance: {fileID: 0}
  m_PrefabAsset: {fileID: 0}
  m_GameObject: {fileID: 3182548465758057060}
  m_LocalRotation: {x: -0, y: -0, z: -0, w: 1}
  m_LocalPosition: {x: -3.9492762, y: 2.347952, z: 8.088369}
  m_LocalScale: {x: 1, y: 1, z: 1}
  m_Children:
  - {fileID: 4179928996129599959}
  - {fileID: 4179928996856291709}
  - {fileID: 4179928996771890179}
  - {fileID: 4179928995755839799}
  - {fileID: 3182548464821377110}
  - {fileID: 3182548465371317908}
  m_Father: {fileID: 0}
  m_RootOrder: 0
  m_LocalEulerAnglesHint: {x: 0, y: 0, z: 0}
--- !u!1 &3182548466041514969
GameObject:
  m_ObjectHideFlags: 0
  m_CorrespondingSourceObject: {fileID: 0}
  m_PrefabInstance: {fileID: 0}
  m_PrefabAsset: {fileID: 0}
  serializedVersion: 6
  m_Component:
  - component: {fileID: 3182548466041514968}
  m_Layer: 0
  m_Name: pos0_2
  m_TagString: Untagged
  m_Icon: {fileID: 0}
  m_NavMeshLayer: 0
  m_StaticEditorFlags: 0
  m_IsActive: 1
--- !u!4 &3182548466041514968
Transform:
  m_ObjectHideFlags: 0
  m_CorrespondingSourceObject: {fileID: 0}
  m_PrefabInstance: {fileID: 0}
  m_PrefabAsset: {fileID: 0}
  m_GameObject: {fileID: 3182548466041514969}
  m_LocalRotation: {x: 0, y: 0.7071068, z: 0, w: 0.7071068}
  m_LocalPosition: {x: 0, y: 0, z: 0}
  m_LocalScale: {x: 1, y: 1, z: 1}
  m_Children: []
  m_Father: {fileID: 3182548465371317908}
  m_RootOrder: 2
  m_LocalEulerAnglesHint: {x: 0, y: 90, z: 0}
--- !u!95 &77754243241322121
Animator:
  serializedVersion: 3
  m_ObjectHideFlags: 0
  m_CorrespondingSourceObject: {fileID: 0}
  m_PrefabInstance: {fileID: 0}
  m_PrefabAsset: {fileID: 0}
  m_GameObject: {fileID: 9170464186811610764}
  m_Enabled: 1
  m_Avatar: {fileID: 0}
  m_Controller: {fileID: 9100000, guid: db95df0c100a04d378cd2fe893f33668, type: 2}
  m_CullingMode: 0
  m_UpdateMode: 0
  m_ApplyRootMotion: 0
  m_LinearVelocityBlending: 0
  m_WarningMessage: 
  m_HasTransformHierarchy: 1
  m_AllowConstantClipSamplingOptimization: 1
  m_KeepAnimatorControllerStateOnDisable: 0
--- !u!1001 &3182548465294131211
PrefabInstance:
  m_ObjectHideFlags: 0
  serializedVersion: 2
  m_Modification:
    m_TransformParent: {fileID: 3182548465758057059}
    m_Modifications:
    - target: {fileID: 1596730239401795952, guid: e7464a39896ea43299e5e4fda3c66076,
        type: 3}
      propertyPath: m_Name
      value: TransitionToTargetGoSolid_3
      objectReference: {fileID: 0}
    - target: {fileID: 1596730239401795953, guid: e7464a39896ea43299e5e4fda3c66076,
        type: 3}
      propertyPath: targetGo
      value: 
      objectReference: {fileID: 3182548466041514969}
    - target: {fileID: 1596730239401795953, guid: e7464a39896ea43299e5e4fda3c66076,
        type: 3}
      propertyPath: objToTransition
      value: 
      objectReference: {fileID: 3182548464821377111}
    - target: {fileID: 1596730239401795953, guid: e7464a39896ea43299e5e4fda3c66076,
        type: 3}
      propertyPath: transitionSpeed
      value: 4
      objectReference: {fileID: 0}
    - target: {fileID: 1596730239401795953, guid: e7464a39896ea43299e5e4fda3c66076,
        type: 3}
      propertyPath: transitionCurve.m_Curve.Array.data[0].inSlope
      value: 1
      objectReference: {fileID: 0}
    - target: {fileID: 1596730239401795953, guid: e7464a39896ea43299e5e4fda3c66076,
        type: 3}
      propertyPath: transitionCurve.m_Curve.Array.data[1].inSlope
      value: 1
      objectReference: {fileID: 0}
    - target: {fileID: 1596730239401795953, guid: e7464a39896ea43299e5e4fda3c66076,
        type: 3}
      propertyPath: transitionCurve.m_Curve.Array.data[0].outSlope
      value: 1
      objectReference: {fileID: 0}
    - target: {fileID: 1596730239401795953, guid: e7464a39896ea43299e5e4fda3c66076,
        type: 3}
      propertyPath: transitionCurve.m_Curve.Array.data[1].outSlope
      value: 1
      objectReference: {fileID: 0}
    - target: {fileID: 1596730239401795953, guid: e7464a39896ea43299e5e4fda3c66076,
        type: 3}
      propertyPath: transitionCurve.m_Curve.Array.data[0].tangentMode
      value: 34
      objectReference: {fileID: 0}
    - target: {fileID: 1596730239401795953, guid: e7464a39896ea43299e5e4fda3c66076,
        type: 3}
      propertyPath: transitionCurve.m_Curve.Array.data[1].tangentMode
      value: 34
      objectReference: {fileID: 0}
    - target: {fileID: 1596730239401795953, guid: e7464a39896ea43299e5e4fda3c66076,
        type: 3}
      propertyPath: eventsAtFinish.m_PersistentCalls.m_Calls.Array.size
      value: 1
      objectReference: {fileID: 0}
    - target: {fileID: 1596730239401795953, guid: e7464a39896ea43299e5e4fda3c66076,
        type: 3}
      propertyPath: eventsAtFinish.m_PersistentCalls.m_Calls.Array.data[0].m_Mode
      value: 4
      objectReference: {fileID: 0}
    - target: {fileID: 1596730239401795953, guid: e7464a39896ea43299e5e4fda3c66076,
        type: 3}
      propertyPath: eventsAtFinish.m_PersistentCalls.m_Calls.Array.data[0].m_Target
      value: 
      objectReference: {fileID: 4179928996771890180}
    - target: {fileID: 1596730239401795953, guid: e7464a39896ea43299e5e4fda3c66076,
        type: 3}
      propertyPath: eventsAtFinish.m_PersistentCalls.m_Calls.Array.data[0].m_CallState
      value: 2
      objectReference: {fileID: 0}
    - target: {fileID: 1596730239401795953, guid: e7464a39896ea43299e5e4fda3c66076,
        type: 3}
      propertyPath: eventsAtFinish.m_PersistentCalls.m_Calls.Array.data[0].m_MethodName
      value: TransitionStart
      objectReference: {fileID: 0}
    - target: {fileID: 1596730239401795953, guid: e7464a39896ea43299e5e4fda3c66076,
        type: 3}
      propertyPath: eventsAtFinish.m_PersistentCalls.m_Calls.Array.data[0].m_TargetAssemblyTypeName
      value: ObjectTransitionToTargetGoSolid, Assembly-CSharp
      objectReference: {fileID: 0}
    - target: {fileID: 1596730239401795953, guid: e7464a39896ea43299e5e4fda3c66076,
        type: 3}
      propertyPath: eventsAtFinish.m_PersistentCalls.m_Calls.Array.data[0].m_Arguments.m_FloatArgument
      value: 0
      objectReference: {fileID: 0}
    - target: {fileID: 1596730239401795953, guid: e7464a39896ea43299e5e4fda3c66076,
        type: 3}
      propertyPath: eventsAtFinish.m_PersistentCalls.m_Calls.Array.data[0].m_Arguments.m_ObjectArgumentAssemblyTypeName
      value: UnityEngine.Object, UnityEngine
      objectReference: {fileID: 0}
    - target: {fileID: 1596730239401795958, guid: e7464a39896ea43299e5e4fda3c66076,
        type: 3}
      propertyPath: m_RootOrder
      value: 1
      objectReference: {fileID: 0}
    - target: {fileID: 1596730239401795958, guid: e7464a39896ea43299e5e4fda3c66076,
        type: 3}
      propertyPath: m_LocalPosition.x
      value: -1.151109
      objectReference: {fileID: 0}
    - target: {fileID: 1596730239401795958, guid: e7464a39896ea43299e5e4fda3c66076,
        type: 3}
      propertyPath: m_LocalPosition.y
      value: 2.7034574
      objectReference: {fileID: 0}
    - target: {fileID: 1596730239401795958, guid: e7464a39896ea43299e5e4fda3c66076,
        type: 3}
      propertyPath: m_LocalPosition.z
      value: -4.118208
      objectReference: {fileID: 0}
    - target: {fileID: 1596730239401795958, guid: e7464a39896ea43299e5e4fda3c66076,
        type: 3}
      propertyPath: m_LocalRotation.w
      value: 1
      objectReference: {fileID: 0}
    - target: {fileID: 1596730239401795958, guid: e7464a39896ea43299e5e4fda3c66076,
        type: 3}
      propertyPath: m_LocalRotation.x
      value: -0
      objectReference: {fileID: 0}
    - target: {fileID: 1596730239401795958, guid: e7464a39896ea43299e5e4fda3c66076,
        type: 3}
      propertyPath: m_LocalRotation.y
      value: -0
      objectReference: {fileID: 0}
    - target: {fileID: 1596730239401795958, guid: e7464a39896ea43299e5e4fda3c66076,
        type: 3}
      propertyPath: m_LocalRotation.z
      value: -0
      objectReference: {fileID: 0}
    - target: {fileID: 1596730239401795958, guid: e7464a39896ea43299e5e4fda3c66076,
        type: 3}
      propertyPath: m_LocalEulerAnglesHint.x
      value: 0
      objectReference: {fileID: 0}
    - target: {fileID: 1596730239401795958, guid: e7464a39896ea43299e5e4fda3c66076,
        type: 3}
      propertyPath: m_LocalEulerAnglesHint.y
      value: 0
      objectReference: {fileID: 0}
    - target: {fileID: 1596730239401795958, guid: e7464a39896ea43299e5e4fda3c66076,
        type: 3}
      propertyPath: m_LocalEulerAnglesHint.z
      value: 0
      objectReference: {fileID: 0}
    m_RemovedComponents: []
  m_SourcePrefab: {fileID: 100100000, guid: e7464a39896ea43299e5e4fda3c66076, type: 3}
--- !u!114 &4179928996856291706 stripped
MonoBehaviour:
  m_CorrespondingSourceObject: {fileID: 1596730239401795953, guid: e7464a39896ea43299e5e4fda3c66076,
    type: 3}
  m_PrefabInstance: {fileID: 3182548465294131211}
  m_PrefabAsset: {fileID: 0}
  m_GameObject: {fileID: 0}
  m_Enabled: 1
  m_EditorHideFlags: 0
  m_Script: {fileID: 11500000, guid: 7cf0b110bbf72483287b531ce77e6ccb, type: 3}
  m_Name: 
  m_EditorClassIdentifier: 
--- !u!4 &4179928996856291709 stripped
Transform:
  m_CorrespondingSourceObject: {fileID: 1596730239401795958, guid: e7464a39896ea43299e5e4fda3c66076,
    type: 3}
  m_PrefabInstance: {fileID: 3182548465294131211}
  m_PrefabAsset: {fileID: 0}
--- !u!1001 &3182548465648340590
PrefabInstance:
  m_ObjectHideFlags: 0
  serializedVersion: 2
  m_Modification:
    m_TransformParent: {fileID: 3182548464821377110}
    m_Modifications:
    - target: {fileID: -8679921383154817045, guid: 2da510351fa3f4d6cad2d85349b88730,
        type: 3}
      propertyPath: m_RootOrder
      value: 1
      objectReference: {fileID: 0}
    - target: {fileID: -8679921383154817045, guid: 2da510351fa3f4d6cad2d85349b88730,
        type: 3}
      propertyPath: m_LocalScale.x
      value: 0.48734075
      objectReference: {fileID: 0}
    - target: {fileID: -8679921383154817045, guid: 2da510351fa3f4d6cad2d85349b88730,
        type: 3}
      propertyPath: m_LocalScale.y
      value: 0.48734075
      objectReference: {fileID: 0}
    - target: {fileID: -8679921383154817045, guid: 2da510351fa3f4d6cad2d85349b88730,
        type: 3}
      propertyPath: m_LocalScale.z
      value: 0.48734075
      objectReference: {fileID: 0}
    - target: {fileID: -8679921383154817045, guid: 2da510351fa3f4d6cad2d85349b88730,
        type: 3}
      propertyPath: m_LocalPosition.x
      value: 0
      objectReference: {fileID: 0}
    - target: {fileID: -8679921383154817045, guid: 2da510351fa3f4d6cad2d85349b88730,
        type: 3}
      propertyPath: m_LocalPosition.y
      value: 0
      objectReference: {fileID: 0}
    - target: {fileID: -8679921383154817045, guid: 2da510351fa3f4d6cad2d85349b88730,
        type: 3}
      propertyPath: m_LocalPosition.z
      value: 0
      objectReference: {fileID: 0}
    - target: {fileID: -8679921383154817045, guid: 2da510351fa3f4d6cad2d85349b88730,
        type: 3}
      propertyPath: m_LocalRotation.w
      value: 0
      objectReference: {fileID: 0}
    - target: {fileID: -8679921383154817045, guid: 2da510351fa3f4d6cad2d85349b88730,
        type: 3}
      propertyPath: m_LocalRotation.x
      value: -0
      objectReference: {fileID: 0}
    - target: {fileID: -8679921383154817045, guid: 2da510351fa3f4d6cad2d85349b88730,
        type: 3}
      propertyPath: m_LocalRotation.y
      value: 1
      objectReference: {fileID: 0}
    - target: {fileID: -8679921383154817045, guid: 2da510351fa3f4d6cad2d85349b88730,
        type: 3}
      propertyPath: m_LocalRotation.z
      value: -0
      objectReference: {fileID: 0}
    - target: {fileID: -8679921383154817045, guid: 2da510351fa3f4d6cad2d85349b88730,
        type: 3}
      propertyPath: m_LocalEulerAnglesHint.x
      value: 0
      objectReference: {fileID: 0}
    - target: {fileID: -8679921383154817045, guid: 2da510351fa3f4d6cad2d85349b88730,
        type: 3}
      propertyPath: m_LocalEulerAnglesHint.y
      value: 180
      objectReference: {fileID: 0}
    - target: {fileID: -8679921383154817045, guid: 2da510351fa3f4d6cad2d85349b88730,
        type: 3}
      propertyPath: m_LocalEulerAnglesHint.z
      value: 0
      objectReference: {fileID: 0}
    - target: {fileID: -7511558181221131132, guid: 2da510351fa3f4d6cad2d85349b88730,
        type: 3}
      propertyPath: m_Materials.Array.data[0]
      value: 
      objectReference: {fileID: 2100000, guid: 3c49e9191e457884d9790d5a3c7df627, type: 2}
    - target: {fileID: 919132149155446097, guid: 2da510351fa3f4d6cad2d85349b88730,
        type: 3}
      propertyPath: m_Name
      value: bird
      objectReference: {fileID: 0}
    - target: {fileID: 919132149155446097, guid: 2da510351fa3f4d6cad2d85349b88730,
        type: 3}
      propertyPath: m_IsActive
      value: 0
      objectReference: {fileID: 0}
    m_RemovedComponents: []
  m_SourcePrefab: {fileID: 100100000, guid: 2da510351fa3f4d6cad2d85349b88730, type: 3}
--- !u!4 &3143538424763541893 stripped
Transform:
  m_CorrespondingSourceObject: {fileID: -8679921383154817045, guid: 2da510351fa3f4d6cad2d85349b88730,
    type: 3}
  m_PrefabInstance: {fileID: 3182548465648340590}
  m_PrefabAsset: {fileID: 0}
--- !u!1001 &3182548466318091637
PrefabInstance:
  m_ObjectHideFlags: 0
  serializedVersion: 2
  m_Modification:
    m_TransformParent: {fileID: 3182548465758057059}
    m_Modifications:
    - target: {fileID: 1596730239401795952, guid: e7464a39896ea43299e5e4fda3c66076,
        type: 3}
      propertyPath: m_Name
      value: TransitionToTargetGoSolid_4
      objectReference: {fileID: 0}
    - target: {fileID: 1596730239401795953, guid: e7464a39896ea43299e5e4fda3c66076,
        type: 3}
      propertyPath: targetGo
      value: 
      objectReference: {fileID: 3182548464976079028}
    - target: {fileID: 1596730239401795953, guid: e7464a39896ea43299e5e4fda3c66076,
        type: 3}
      propertyPath: objToTransition
      value: 
      objectReference: {fileID: 3182548464821377111}
    - target: {fileID: 1596730239401795953, guid: e7464a39896ea43299e5e4fda3c66076,
        type: 3}
      propertyPath: transitionSpeed
      value: 2
      objectReference: {fileID: 0}
    - target: {fileID: 1596730239401795953, guid: e7464a39896ea43299e5e4fda3c66076,
        type: 3}
      propertyPath: transitionCurve.m_Curve.Array.data[0].inSlope
      value: 0
      objectReference: {fileID: 0}
    - target: {fileID: 1596730239401795953, guid: e7464a39896ea43299e5e4fda3c66076,
        type: 3}
      propertyPath: transitionCurve.m_Curve.Array.data[1].inSlope
      value: 2
      objectReference: {fileID: 0}
    - target: {fileID: 1596730239401795953, guid: e7464a39896ea43299e5e4fda3c66076,
        type: 3}
      propertyPath: transitionCurve.m_Curve.Array.data[0].outSlope
      value: 0
      objectReference: {fileID: 0}
    - target: {fileID: 1596730239401795953, guid: e7464a39896ea43299e5e4fda3c66076,
        type: 3}
      propertyPath: transitionCurve.m_Curve.Array.data[1].outSlope
      value: 2
      objectReference: {fileID: 0}
    - target: {fileID: 1596730239401795953, guid: e7464a39896ea43299e5e4fda3c66076,
        type: 3}
      propertyPath: transitionCurve.m_Curve.Array.data[0].tangentMode
      value: 0
      objectReference: {fileID: 0}
    - target: {fileID: 1596730239401795953, guid: e7464a39896ea43299e5e4fda3c66076,
        type: 3}
      propertyPath: transitionCurve.m_Curve.Array.data[1].tangentMode
      value: 0
      objectReference: {fileID: 0}
    - target: {fileID: 1596730239401795953, guid: e7464a39896ea43299e5e4fda3c66076,
        type: 3}
      propertyPath: eventsAtFinish.m_PersistentCalls.m_Calls.Array.size
      value: 1
      objectReference: {fileID: 0}
    - target: {fileID: 1596730239401795953, guid: e7464a39896ea43299e5e4fda3c66076,
        type: 3}
      propertyPath: eventsAtFinish.m_PersistentCalls.m_Calls.Array.data[0].m_Mode
      value: 4
      objectReference: {fileID: 0}
    - target: {fileID: 1596730239401795953, guid: e7464a39896ea43299e5e4fda3c66076,
        type: 3}
      propertyPath: eventsAtFinish.m_PersistentCalls.m_Calls.Array.data[0].m_Target
      value: 
      objectReference: {fileID: 4179928995755839792}
    - target: {fileID: 1596730239401795953, guid: e7464a39896ea43299e5e4fda3c66076,
        type: 3}
      propertyPath: eventsAtFinish.m_PersistentCalls.m_Calls.Array.data[0].m_CallState
      value: 2
      objectReference: {fileID: 0}
    - target: {fileID: 1596730239401795953, guid: e7464a39896ea43299e5e4fda3c66076,
        type: 3}
      propertyPath: eventsAtFinish.m_PersistentCalls.m_Calls.Array.data[0].m_MethodName
      value: TransitionStart
      objectReference: {fileID: 0}
    - target: {fileID: 1596730239401795953, guid: e7464a39896ea43299e5e4fda3c66076,
        type: 3}
      propertyPath: eventsAtFinish.m_PersistentCalls.m_Calls.Array.data[0].m_TargetAssemblyTypeName
      value: ObjectTransitionToTargetGoSolid, Assembly-CSharp
      objectReference: {fileID: 0}
    - target: {fileID: 1596730239401795953, guid: e7464a39896ea43299e5e4fda3c66076,
        type: 3}
      propertyPath: eventsAtFinish.m_PersistentCalls.m_Calls.Array.data[0].m_Arguments.m_FloatArgument
      value: 0
      objectReference: {fileID: 0}
    - target: {fileID: 1596730239401795953, guid: e7464a39896ea43299e5e4fda3c66076,
        type: 3}
      propertyPath: eventsAtFinish.m_PersistentCalls.m_Calls.Array.data[0].m_Arguments.m_ObjectArgumentAssemblyTypeName
      value: UnityEngine.Object, UnityEngine
      objectReference: {fileID: 0}
    - target: {fileID: 1596730239401795958, guid: e7464a39896ea43299e5e4fda3c66076,
        type: 3}
      propertyPath: m_RootOrder
      value: 2
      objectReference: {fileID: 0}
    - target: {fileID: 1596730239401795958, guid: e7464a39896ea43299e5e4fda3c66076,
        type: 3}
      propertyPath: m_LocalPosition.x
      value: -1.151109
      objectReference: {fileID: 0}
    - target: {fileID: 1596730239401795958, guid: e7464a39896ea43299e5e4fda3c66076,
        type: 3}
      propertyPath: m_LocalPosition.y
      value: 2.7034574
      objectReference: {fileID: 0}
    - target: {fileID: 1596730239401795958, guid: e7464a39896ea43299e5e4fda3c66076,
        type: 3}
      propertyPath: m_LocalPosition.z
      value: -4.118208
      objectReference: {fileID: 0}
    - target: {fileID: 1596730239401795958, guid: e7464a39896ea43299e5e4fda3c66076,
        type: 3}
      propertyPath: m_LocalRotation.w
      value: 1
      objectReference: {fileID: 0}
    - target: {fileID: 1596730239401795958, guid: e7464a39896ea43299e5e4fda3c66076,
        type: 3}
      propertyPath: m_LocalRotation.x
      value: -0
      objectReference: {fileID: 0}
    - target: {fileID: 1596730239401795958, guid: e7464a39896ea43299e5e4fda3c66076,
        type: 3}
      propertyPath: m_LocalRotation.y
      value: -0
      objectReference: {fileID: 0}
    - target: {fileID: 1596730239401795958, guid: e7464a39896ea43299e5e4fda3c66076,
        type: 3}
      propertyPath: m_LocalRotation.z
      value: -0
      objectReference: {fileID: 0}
    - target: {fileID: 1596730239401795958, guid: e7464a39896ea43299e5e4fda3c66076,
        type: 3}
      propertyPath: m_LocalEulerAnglesHint.x
      value: 0
      objectReference: {fileID: 0}
    - target: {fileID: 1596730239401795958, guid: e7464a39896ea43299e5e4fda3c66076,
        type: 3}
      propertyPath: m_LocalEulerAnglesHint.y
      value: 0
      objectReference: {fileID: 0}
    - target: {fileID: 1596730239401795958, guid: e7464a39896ea43299e5e4fda3c66076,
        type: 3}
      propertyPath: m_LocalEulerAnglesHint.z
      value: 0
      objectReference: {fileID: 0}
    m_RemovedComponents: []
  m_SourcePrefab: {fileID: 100100000, guid: e7464a39896ea43299e5e4fda3c66076, type: 3}
--- !u!114 &4179928996771890180 stripped
MonoBehaviour:
  m_CorrespondingSourceObject: {fileID: 1596730239401795953, guid: e7464a39896ea43299e5e4fda3c66076,
    type: 3}
  m_PrefabInstance: {fileID: 3182548466318091637}
  m_PrefabAsset: {fileID: 0}
  m_GameObject: {fileID: 0}
  m_Enabled: 1
  m_EditorHideFlags: 0
  m_Script: {fileID: 11500000, guid: 7cf0b110bbf72483287b531ce77e6ccb, type: 3}
  m_Name: 
  m_EditorClassIdentifier: 
--- !u!4 &4179928996771890179 stripped
Transform:
  m_CorrespondingSourceObject: {fileID: 1596730239401795958, guid: e7464a39896ea43299e5e4fda3c66076,
    type: 3}
  m_PrefabInstance: {fileID: 3182548466318091637}
  m_PrefabAsset: {fileID: 0}
--- !u!1001 &3182548466392559681
PrefabInstance:
  m_ObjectHideFlags: 0
  serializedVersion: 2
  m_Modification:
    m_TransformParent: {fileID: 3182548465758057059}
    m_Modifications:
    - target: {fileID: 1596730239401795952, guid: e7464a39896ea43299e5e4fda3c66076,
        type: 3}
      propertyPath: m_Name
      value: TransitionToTargetGoSolid_5
      objectReference: {fileID: 0}
    - target: {fileID: 1596730239401795953, guid: e7464a39896ea43299e5e4fda3c66076,
        type: 3}
      propertyPath: targetGo
      value: 
      objectReference: {fileID: 3182548465333423235}
    - target: {fileID: 1596730239401795953, guid: e7464a39896ea43299e5e4fda3c66076,
        type: 3}
      propertyPath: objToTransition
      value: 
      objectReference: {fileID: 3182548464821377111}
    - target: {fileID: 1596730239401795953, guid: e7464a39896ea43299e5e4fda3c66076,
        type: 3}
      propertyPath: transitionSpeed
      value: 4
      objectReference: {fileID: 0}
    - target: {fileID: 1596730239401795953, guid: e7464a39896ea43299e5e4fda3c66076,
        type: 3}
      propertyPath: transitionCurve.m_Curve.Array.data[0].inSlope
      value: 1
      objectReference: {fileID: 0}
    - target: {fileID: 1596730239401795953, guid: e7464a39896ea43299e5e4fda3c66076,
        type: 3}
      propertyPath: transitionCurve.m_Curve.Array.data[1].inSlope
      value: 1
      objectReference: {fileID: 0}
    - target: {fileID: 1596730239401795953, guid: e7464a39896ea43299e5e4fda3c66076,
        type: 3}
      propertyPath: transitionCurve.m_Curve.Array.data[0].outSlope
      value: 1
      objectReference: {fileID: 0}
    - target: {fileID: 1596730239401795953, guid: e7464a39896ea43299e5e4fda3c66076,
        type: 3}
      propertyPath: transitionCurve.m_Curve.Array.data[1].outSlope
      value: 1
      objectReference: {fileID: 0}
    - target: {fileID: 1596730239401795953, guid: e7464a39896ea43299e5e4fda3c66076,
        type: 3}
      propertyPath: transitionCurve.m_Curve.Array.data[0].tangentMode
      value: 34
      objectReference: {fileID: 0}
    - target: {fileID: 1596730239401795953, guid: e7464a39896ea43299e5e4fda3c66076,
        type: 3}
      propertyPath: transitionCurve.m_Curve.Array.data[1].tangentMode
      value: 34
      objectReference: {fileID: 0}
    - target: {fileID: 1596730239401795953, guid: e7464a39896ea43299e5e4fda3c66076,
        type: 3}
      propertyPath: eventsAtFinish.m_PersistentCalls.m_Calls.Array.size
      value: 1
      objectReference: {fileID: 0}
    - target: {fileID: 1596730239401795953, guid: e7464a39896ea43299e5e4fda3c66076,
        type: 3}
      propertyPath: eventsAtFinish.m_PersistentCalls.m_Calls.Array.data[0].m_Mode
      value: 4
      objectReference: {fileID: 0}
    - target: {fileID: 1596730239401795953, guid: e7464a39896ea43299e5e4fda3c66076,
        type: 3}
      propertyPath: eventsAtFinish.m_PersistentCalls.m_Calls.Array.data[0].m_Target
      value: 
      objectReference: {fileID: 4179928996129599952}
    - target: {fileID: 1596730239401795953, guid: e7464a39896ea43299e5e4fda3c66076,
        type: 3}
      propertyPath: eventsAtFinish.m_PersistentCalls.m_Calls.Array.data[0].m_CallState
      value: 2
      objectReference: {fileID: 0}
    - target: {fileID: 1596730239401795953, guid: e7464a39896ea43299e5e4fda3c66076,
        type: 3}
      propertyPath: eventsAtFinish.m_PersistentCalls.m_Calls.Array.data[0].m_MethodName
      value: TransitionStart
      objectReference: {fileID: 0}
    - target: {fileID: 1596730239401795953, guid: e7464a39896ea43299e5e4fda3c66076,
        type: 3}
      propertyPath: eventsAtFinish.m_PersistentCalls.m_Calls.Array.data[0].m_TargetAssemblyTypeName
      value: ObjectTransitionToTargetGoSolid, Assembly-CSharp
      objectReference: {fileID: 0}
    - target: {fileID: 1596730239401795953, guid: e7464a39896ea43299e5e4fda3c66076,
        type: 3}
      propertyPath: eventsAtFinish.m_PersistentCalls.m_Calls.Array.data[0].m_Arguments.m_FloatArgument
      value: 0
      objectReference: {fileID: 0}
    - target: {fileID: 1596730239401795953, guid: e7464a39896ea43299e5e4fda3c66076,
        type: 3}
      propertyPath: eventsAtFinish.m_PersistentCalls.m_Calls.Array.data[0].m_Arguments.m_ObjectArgumentAssemblyTypeName
      value: UnityEngine.Object, UnityEngine
      objectReference: {fileID: 0}
    - target: {fileID: 1596730239401795958, guid: e7464a39896ea43299e5e4fda3c66076,
        type: 3}
      propertyPath: m_RootOrder
      value: 3
      objectReference: {fileID: 0}
    - target: {fileID: 1596730239401795958, guid: e7464a39896ea43299e5e4fda3c66076,
        type: 3}
      propertyPath: m_LocalPosition.x
      value: -1.151109
      objectReference: {fileID: 0}
    - target: {fileID: 1596730239401795958, guid: e7464a39896ea43299e5e4fda3c66076,
        type: 3}
      propertyPath: m_LocalPosition.y
      value: 2.7034574
      objectReference: {fileID: 0}
    - target: {fileID: 1596730239401795958, guid: e7464a39896ea43299e5e4fda3c66076,
        type: 3}
      propertyPath: m_LocalPosition.z
      value: -4.118208
      objectReference: {fileID: 0}
    - target: {fileID: 1596730239401795958, guid: e7464a39896ea43299e5e4fda3c66076,
        type: 3}
      propertyPath: m_LocalRotation.w
      value: 1
      objectReference: {fileID: 0}
    - target: {fileID: 1596730239401795958, guid: e7464a39896ea43299e5e4fda3c66076,
        type: 3}
      propertyPath: m_LocalRotation.x
      value: -0
      objectReference: {fileID: 0}
    - target: {fileID: 1596730239401795958, guid: e7464a39896ea43299e5e4fda3c66076,
        type: 3}
      propertyPath: m_LocalRotation.y
      value: -0
      objectReference: {fileID: 0}
    - target: {fileID: 1596730239401795958, guid: e7464a39896ea43299e5e4fda3c66076,
        type: 3}
      propertyPath: m_LocalRotation.z
      value: -0
      objectReference: {fileID: 0}
    - target: {fileID: 1596730239401795958, guid: e7464a39896ea43299e5e4fda3c66076,
        type: 3}
      propertyPath: m_LocalEulerAnglesHint.x
      value: 0
      objectReference: {fileID: 0}
    - target: {fileID: 1596730239401795958, guid: e7464a39896ea43299e5e4fda3c66076,
        type: 3}
      propertyPath: m_LocalEulerAnglesHint.y
      value: 0
      objectReference: {fileID: 0}
    - target: {fileID: 1596730239401795958, guid: e7464a39896ea43299e5e4fda3c66076,
        type: 3}
      propertyPath: m_LocalEulerAnglesHint.z
      value: 0
      objectReference: {fileID: 0}
    m_RemovedComponents: []
  m_SourcePrefab: {fileID: 100100000, guid: e7464a39896ea43299e5e4fda3c66076, type: 3}
--- !u!4 &4179928995755839799 stripped
Transform:
  m_CorrespondingSourceObject: {fileID: 1596730239401795958, guid: e7464a39896ea43299e5e4fda3c66076,
    type: 3}
  m_PrefabInstance: {fileID: 3182548466392559681}
  m_PrefabAsset: {fileID: 0}
--- !u!114 &4179928995755839792 stripped
MonoBehaviour:
  m_CorrespondingSourceObject: {fileID: 1596730239401795953, guid: e7464a39896ea43299e5e4fda3c66076,
    type: 3}
  m_PrefabInstance: {fileID: 3182548466392559681}
  m_PrefabAsset: {fileID: 0}
  m_GameObject: {fileID: 0}
  m_Enabled: 1
  m_EditorHideFlags: 0
  m_Script: {fileID: 11500000, guid: 7cf0b110bbf72483287b531ce77e6ccb, type: 3}
  m_Name: 
  m_EditorClassIdentifier: 
--- !u!1001 &3182548466748608673
PrefabInstance:
  m_ObjectHideFlags: 0
  serializedVersion: 2
  m_Modification:
    m_TransformParent: {fileID: 3182548465758057059}
    m_Modifications:
    - target: {fileID: 1596730239401795952, guid: e7464a39896ea43299e5e4fda3c66076,
        type: 3}
      propertyPath: m_Name
      value: TransitionToTargetGoSolid_2
      objectReference: {fileID: 0}
    - target: {fileID: 1596730239401795953, guid: e7464a39896ea43299e5e4fda3c66076,
        type: 3}
      propertyPath: targetGo
      value: 
      objectReference: {fileID: 3182548465577423242}
    - target: {fileID: 1596730239401795953, guid: e7464a39896ea43299e5e4fda3c66076,
        type: 3}
      propertyPath: objToTransition
      value: 
      objectReference: {fileID: 3182548464821377111}
    - target: {fileID: 1596730239401795953, guid: e7464a39896ea43299e5e4fda3c66076,
        type: 3}
      propertyPath: transitionSpeed
      value: 2
      objectReference: {fileID: 0}
    - target: {fileID: 1596730239401795953, guid: e7464a39896ea43299e5e4fda3c66076,
        type: 3}
      propertyPath: transitionCurve.m_Curve.Array.data[0].inSlope
      value: 2
      objectReference: {fileID: 0}
    - target: {fileID: 1596730239401795953, guid: e7464a39896ea43299e5e4fda3c66076,
        type: 3}
      propertyPath: transitionCurve.m_Curve.Array.data[1].inSlope
      value: 0
      objectReference: {fileID: 0}
    - target: {fileID: 1596730239401795953, guid: e7464a39896ea43299e5e4fda3c66076,
        type: 3}
      propertyPath: transitionCurve.m_Curve.Array.data[0].outSlope
      value: 2
      objectReference: {fileID: 0}
    - target: {fileID: 1596730239401795953, guid: e7464a39896ea43299e5e4fda3c66076,
        type: 3}
      propertyPath: transitionCurve.m_Curve.Array.data[1].outSlope
      value: 0
      objectReference: {fileID: 0}
    - target: {fileID: 1596730239401795953, guid: e7464a39896ea43299e5e4fda3c66076,
        type: 3}
      propertyPath: transitionCurve.m_Curve.Array.data[0].tangentMode
      value: 0
      objectReference: {fileID: 0}
    - target: {fileID: 1596730239401795953, guid: e7464a39896ea43299e5e4fda3c66076,
        type: 3}
      propertyPath: transitionCurve.m_Curve.Array.data[1].tangentMode
      value: 0
      objectReference: {fileID: 0}
    - target: {fileID: 1596730239401795953, guid: e7464a39896ea43299e5e4fda3c66076,
        type: 3}
      propertyPath: eventsAtFinish.m_PersistentCalls.m_Calls.Array.size
      value: 1
      objectReference: {fileID: 0}
    - target: {fileID: 1596730239401795953, guid: e7464a39896ea43299e5e4fda3c66076,
        type: 3}
      propertyPath: eventsAtFinish.m_PersistentCalls.m_Calls.Array.data[0].m_Mode
      value: 4
      objectReference: {fileID: 0}
    - target: {fileID: 1596730239401795953, guid: e7464a39896ea43299e5e4fda3c66076,
        type: 3}
      propertyPath: eventsAtFinish.m_PersistentCalls.m_Calls.Array.data[0].m_Target
      value: 
      objectReference: {fileID: 4179928996856291706}
    - target: {fileID: 1596730239401795953, guid: e7464a39896ea43299e5e4fda3c66076,
        type: 3}
      propertyPath: eventsAtFinish.m_PersistentCalls.m_Calls.Array.data[0].m_CallState
      value: 2
      objectReference: {fileID: 0}
    - target: {fileID: 1596730239401795953, guid: e7464a39896ea43299e5e4fda3c66076,
        type: 3}
      propertyPath: eventsAtFinish.m_PersistentCalls.m_Calls.Array.data[0].m_MethodName
      value: TransitionStart
      objectReference: {fileID: 0}
    - target: {fileID: 1596730239401795953, guid: e7464a39896ea43299e5e4fda3c66076,
        type: 3}
      propertyPath: eventsAtFinish.m_PersistentCalls.m_Calls.Array.data[0].m_TargetAssemblyTypeName
      value: ObjectTransitionToTargetGoSolid, Assembly-CSharp
      objectReference: {fileID: 0}
    - target: {fileID: 1596730239401795953, guid: e7464a39896ea43299e5e4fda3c66076,
        type: 3}
      propertyPath: eventsAtFinish.m_PersistentCalls.m_Calls.Array.data[0].m_Arguments.m_FloatArgument
      value: 0
      objectReference: {fileID: 0}
    - target: {fileID: 1596730239401795953, guid: e7464a39896ea43299e5e4fda3c66076,
        type: 3}
      propertyPath: eventsAtFinish.m_PersistentCalls.m_Calls.Array.data[0].m_Arguments.m_ObjectArgumentAssemblyTypeName
      value: UnityEngine.Object, UnityEngine
      objectReference: {fileID: 0}
    - target: {fileID: 1596730239401795958, guid: e7464a39896ea43299e5e4fda3c66076,
        type: 3}
      propertyPath: m_RootOrder
      value: 0
      objectReference: {fileID: 0}
    - target: {fileID: 1596730239401795958, guid: e7464a39896ea43299e5e4fda3c66076,
        type: 3}
      propertyPath: m_LocalPosition.x
      value: -1.151109
      objectReference: {fileID: 0}
    - target: {fileID: 1596730239401795958, guid: e7464a39896ea43299e5e4fda3c66076,
        type: 3}
      propertyPath: m_LocalPosition.y
      value: 2.7034574
      objectReference: {fileID: 0}
    - target: {fileID: 1596730239401795958, guid: e7464a39896ea43299e5e4fda3c66076,
        type: 3}
      propertyPath: m_LocalPosition.z
      value: -4.118208
      objectReference: {fileID: 0}
    - target: {fileID: 1596730239401795958, guid: e7464a39896ea43299e5e4fda3c66076,
        type: 3}
      propertyPath: m_LocalRotation.w
      value: 1
      objectReference: {fileID: 0}
    - target: {fileID: 1596730239401795958, guid: e7464a39896ea43299e5e4fda3c66076,
        type: 3}
      propertyPath: m_LocalRotation.x
      value: -0
      objectReference: {fileID: 0}
    - target: {fileID: 1596730239401795958, guid: e7464a39896ea43299e5e4fda3c66076,
        type: 3}
      propertyPath: m_LocalRotation.y
      value: -0
      objectReference: {fileID: 0}
    - target: {fileID: 1596730239401795958, guid: e7464a39896ea43299e5e4fda3c66076,
        type: 3}
      propertyPath: m_LocalRotation.z
      value: -0
      objectReference: {fileID: 0}
    - target: {fileID: 1596730239401795958, guid: e7464a39896ea43299e5e4fda3c66076,
        type: 3}
      propertyPath: m_LocalEulerAnglesHint.x
      value: 0
      objectReference: {fileID: 0}
    - target: {fileID: 1596730239401795958, guid: e7464a39896ea43299e5e4fda3c66076,
        type: 3}
      propertyPath: m_LocalEulerAnglesHint.y
      value: 0
      objectReference: {fileID: 0}
    - target: {fileID: 1596730239401795958, guid: e7464a39896ea43299e5e4fda3c66076,
        type: 3}
      propertyPath: m_LocalEulerAnglesHint.z
      value: 0
      objectReference: {fileID: 0}
    m_RemovedComponents: []
  m_SourcePrefab: {fileID: 100100000, guid: e7464a39896ea43299e5e4fda3c66076, type: 3}
--- !u!114 &4179928996129599952 stripped
MonoBehaviour:
  m_CorrespondingSourceObject: {fileID: 1596730239401795953, guid: e7464a39896ea43299e5e4fda3c66076,
    type: 3}
  m_PrefabInstance: {fileID: 3182548466748608673}
  m_PrefabAsset: {fileID: 0}
  m_GameObject: {fileID: 0}
  m_Enabled: 1
  m_EditorHideFlags: 0
  m_Script: {fileID: 11500000, guid: 7cf0b110bbf72483287b531ce77e6ccb, type: 3}
  m_Name: 
  m_EditorClassIdentifier: 
--- !u!4 &4179928996129599959 stripped
Transform:
  m_CorrespondingSourceObject: {fileID: 1596730239401795958, guid: e7464a39896ea43299e5e4fda3c66076,
    type: 3}
  m_PrefabInstance: {fileID: 3182548466748608673}
  m_PrefabAsset: {fileID: 0}
--- !u!1001 &8324166443236445149
PrefabInstance:
  m_ObjectHideFlags: 0
  serializedVersion: 2
  m_Modification:
    m_TransformParent: {fileID: 3182548464821377110}
    m_Modifications:
    - target: {fileID: -8679921383154817045, guid: 7af9c2b49728f4fe283c3e8fc250c28e,
        type: 3}
      propertyPath: m_RootOrder
      value: 0
      objectReference: {fileID: 0}
    - target: {fileID: -8679921383154817045, guid: 7af9c2b49728f4fe283c3e8fc250c28e,
        type: 3}
      propertyPath: m_LocalScale.x
      value: 0.50757
      objectReference: {fileID: 0}
    - target: {fileID: -8679921383154817045, guid: 7af9c2b49728f4fe283c3e8fc250c28e,
        type: 3}
      propertyPath: m_LocalScale.y
      value: 0.50757
      objectReference: {fileID: 0}
    - target: {fileID: -8679921383154817045, guid: 7af9c2b49728f4fe283c3e8fc250c28e,
        type: 3}
      propertyPath: m_LocalScale.z
      value: 0.50757
      objectReference: {fileID: 0}
    - target: {fileID: -8679921383154817045, guid: 7af9c2b49728f4fe283c3e8fc250c28e,
        type: 3}
      propertyPath: m_LocalPosition.x
      value: -0
      objectReference: {fileID: 0}
    - target: {fileID: -8679921383154817045, guid: 7af9c2b49728f4fe283c3e8fc250c28e,
        type: 3}
      propertyPath: m_LocalPosition.y
      value: -0.139
      objectReference: {fileID: 0}
    - target: {fileID: -8679921383154817045, guid: 7af9c2b49728f4fe283c3e8fc250c28e,
        type: 3}
      propertyPath: m_LocalPosition.z
      value: 0
      objectReference: {fileID: 0}
    - target: {fileID: -8679921383154817045, guid: 7af9c2b49728f4fe283c3e8fc250c28e,
        type: 3}
      propertyPath: m_LocalRotation.w
      value: 1
      objectReference: {fileID: 0}
    - target: {fileID: -8679921383154817045, guid: 7af9c2b49728f4fe283c3e8fc250c28e,
        type: 3}
      propertyPath: m_LocalRotation.x
      value: 0
      objectReference: {fileID: 0}
    - target: {fileID: -8679921383154817045, guid: 7af9c2b49728f4fe283c3e8fc250c28e,
        type: 3}
      propertyPath: m_LocalRotation.y
      value: -0
      objectReference: {fileID: 0}
    - target: {fileID: -8679921383154817045, guid: 7af9c2b49728f4fe283c3e8fc250c28e,
        type: 3}
      propertyPath: m_LocalRotation.z
      value: -0
      objectReference: {fileID: 0}
    - target: {fileID: -8679921383154817045, guid: 7af9c2b49728f4fe283c3e8fc250c28e,
        type: 3}
      propertyPath: m_LocalEulerAnglesHint.x
      value: 0
      objectReference: {fileID: 0}
    - target: {fileID: -8679921383154817045, guid: 7af9c2b49728f4fe283c3e8fc250c28e,
        type: 3}
      propertyPath: m_LocalEulerAnglesHint.y
      value: 0
      objectReference: {fileID: 0}
    - target: {fileID: -8679921383154817045, guid: 7af9c2b49728f4fe283c3e8fc250c28e,
        type: 3}
      propertyPath: m_LocalEulerAnglesHint.z
      value: 0
      objectReference: {fileID: 0}
    - target: {fileID: 919132149155446097, guid: 7af9c2b49728f4fe283c3e8fc250c28e,
        type: 3}
      propertyPath: m_Name
      value: birdAnimation
      objectReference: {fileID: 0}
    - target: {fileID: 2596738072800217627, guid: 7af9c2b49728f4fe283c3e8fc250c28e,
        type: 3}
      propertyPath: m_Materials.Array.data[0]
      value: 
      objectReference: {fileID: 2100000, guid: 3c49e9191e457884d9790d5a3c7df627, type: 2}
    m_RemovedComponents: []
  m_SourcePrefab: {fileID: 100100000, guid: 7af9c2b49728f4fe283c3e8fc250c28e, type: 3}
--- !u!1 &9170464186811610764 stripped
GameObject:
  m_CorrespondingSourceObject: {fileID: 919132149155446097, guid: 7af9c2b49728f4fe283c3e8fc250c28e,
    type: 3}
  m_PrefabInstance: {fileID: 8324166443236445149}
  m_PrefabAsset: {fileID: 0}
--- !u!4 &8363140783698127926 stripped
Transform:
  m_CorrespondingSourceObject: {fileID: -8679921383154817045, guid: 7af9c2b49728f4fe283c3e8fc250c28e,
    type: 3}
  m_PrefabInstance: {fileID: 8324166443236445149}
  m_PrefabAsset: {fileID: 0}
