%YAML 1.1
%TAG !u! tag:unity3d.com,2011:
--- !u!29 &1
OcclusionCullingSettings:
  m_ObjectHideFlags: 0
  serializedVersion: 2
  m_OcclusionBakeSettings:
    smallestOccluder: 5
    smallestHole: 0.25
    backfaceThreshold: 100
  m_SceneGUID: 00000000000000000000000000000000
  m_OcclusionCullingData: {fileID: 0}
--- !u!104 &2
RenderSettings:
  m_ObjectHideFlags: 0
  serializedVersion: 9
  m_Fog: 0
  m_FogColor: {r: 0.5, g: 0.5, b: 0.5, a: 1}
  m_FogMode: 3
  m_FogDensity: 0.01
  m_LinearFogStart: 0
  m_LinearFogEnd: 300
  m_AmbientSkyColor: {r: 0.212, g: 0.227, b: 0.259, a: 1}
  m_AmbientEquatorColor: {r: 0.114, g: 0.125, b: 0.133, a: 1}
  m_AmbientGroundColor: {r: 0.047, g: 0.043, b: 0.035, a: 1}
  m_AmbientIntensity: 1
  m_AmbientMode: 0
  m_SubtractiveShadowColor: {r: 0.42, g: 0.478, b: 0.627, a: 1}
  m_SkyboxMaterial: {fileID: 10304, guid: 0000000000000000f000000000000000, type: 0}
  m_HaloStrength: 0.5
  m_FlareStrength: 1
  m_FlareFadeSpeed: 3
  m_HaloTexture: {fileID: 0}
  m_SpotCookie: {fileID: 10001, guid: 0000000000000000e000000000000000, type: 0}
  m_DefaultReflectionMode: 0
  m_DefaultReflectionResolution: 128
  m_ReflectionBounces: 1
  m_ReflectionIntensity: 1
  m_CustomReflection: {fileID: 0}
  m_Sun: {fileID: 0}
  m_IndirectSpecularColor: {r: 0.1802859, g: 0.2257162, b: 0.3069241, a: 1}
  m_UseRadianceAmbientProbe: 0
--- !u!157 &3
LightmapSettings:
  m_ObjectHideFlags: 0
  serializedVersion: 12
  m_GIWorkflowMode: 1
  m_GISettings:
    serializedVersion: 2
    m_BounceScale: 1
    m_IndirectOutputScale: 1
    m_AlbedoBoost: 1
    m_EnvironmentLightingMode: 0
    m_EnableBakedLightmaps: 1
    m_EnableRealtimeLightmaps: 0
  m_LightmapEditorSettings:
    serializedVersion: 12
    m_Resolution: 2
    m_BakeResolution: 40
    m_AtlasSize: 1024
    m_AO: 0
    m_AOMaxDistance: 1
    m_CompAOExponent: 1
    m_CompAOExponentDirect: 0
    m_ExtractAmbientOcclusion: 0
    m_Padding: 2
    m_LightmapParameters: {fileID: 0}
    m_LightmapsBakeMode: 1
    m_TextureCompression: 1
    m_FinalGather: 0
    m_FinalGatherFiltering: 1
    m_FinalGatherRayCount: 256
    m_ReflectionCompression: 2
    m_MixedBakeMode: 2
    m_BakeBackend: 1
    m_PVRSampling: 1
    m_PVRDirectSampleCount: 32
    m_PVRSampleCount: 512
    m_PVRBounces: 2
    m_PVREnvironmentSampleCount: 256
    m_PVREnvironmentReferencePointCount: 2048
    m_PVRFilteringMode: 1
    m_PVRDenoiserTypeDirect: 1
    m_PVRDenoiserTypeIndirect: 1
    m_PVRDenoiserTypeAO: 1
    m_PVRFilterTypeDirect: 0
    m_PVRFilterTypeIndirect: 0
    m_PVRFilterTypeAO: 0
    m_PVREnvironmentMIS: 1
    m_PVRCulling: 1
    m_PVRFilteringGaussRadiusDirect: 1
    m_PVRFilteringGaussRadiusIndirect: 5
    m_PVRFilteringGaussRadiusAO: 2
    m_PVRFilteringAtrousPositionSigmaDirect: 0.5
    m_PVRFilteringAtrousPositionSigmaIndirect: 2
    m_PVRFilteringAtrousPositionSigmaAO: 1
    m_ExportTrainingData: 0
    m_TrainingDataDestination: TrainingData
    m_LightProbeSampleCountMultiplier: 4
  m_LightingDataAsset: {fileID: 0}
  m_LightingSettings: {fileID: 0}
--- !u!196 &4
NavMeshSettings:
  serializedVersion: 2
  m_ObjectHideFlags: 0
  m_BuildSettings:
    serializedVersion: 2
    agentTypeID: 0
    agentRadius: 0.5
    agentHeight: 2
    agentSlope: 45
    agentClimb: 0.4
    ledgeDropHeight: 0
    maxJumpAcrossDistance: 0
    minRegionArea: 2
    manualCellSize: 0
    cellSize: 0.16666667
    manualTileSize: 0
    tileSize: 256
    accuratePlacement: 0
    maxJobWorkers: 0
    preserveTilesOutsideBounds: 0
    debug:
      m_Flags: 0
  m_NavMeshData: {fileID: 0}
--- !u!114 &27363835 stripped
MonoBehaviour:
  m_CorrespondingSourceObject: {fileID: 7973237995241977705, guid: d358ad76fa4d5cd4da40a0e0e2f0b4c3,
    type: 3}
  m_PrefabInstance: {fileID: 1846534807}
  m_PrefabAsset: {fileID: 0}
  m_GameObject: {fileID: 0}
  m_Enabled: 1
  m_EditorHideFlags: 0
  m_Script: {fileID: 11500000, guid: 42844a4fccbd54746b90cade4ff70f73, type: 3}
  m_Name: 
  m_EditorClassIdentifier: 
--- !u!1 &76775503
GameObject:
  m_ObjectHideFlags: 0
  m_CorrespondingSourceObject: {fileID: 0}
  m_PrefabInstance: {fileID: 0}
  m_PrefabAsset: {fileID: 0}
  serializedVersion: 6
  m_Component:
  - component: {fileID: 76775504}
  - component: {fileID: 76775505}
  m_Layer: 0
  m_Name: PickingPoint
  m_TagString: Untagged
  m_Icon: {fileID: 0}
  m_NavMeshLayer: 0
  m_StaticEditorFlags: 0
  m_IsActive: 1
--- !u!4 &76775504
Transform:
  m_ObjectHideFlags: 0
  m_CorrespondingSourceObject: {fileID: 0}
  m_PrefabInstance: {fileID: 0}
  m_PrefabAsset: {fileID: 0}
  m_GameObject: {fileID: 76775503}
  m_LocalRotation: {x: 0.010463594, y: 0.031860914, z: -0.5840018, w: 0.81105936}
  m_LocalPosition: {x: -0.8933731, y: 0.024497092, z: -0.11971301}
  m_LocalScale: {x: 30, y: 30.000015, z: 30}
  m_Children:
  - {fileID: 308444485}
  m_Father: {fileID: 847141650}
  m_RootOrder: 4
  m_LocalEulerAnglesHint: {x: 0, y: 0, z: 0}
--- !u!114 &76775505
MonoBehaviour:
  m_ObjectHideFlags: 0
  m_CorrespondingSourceObject: {fileID: 0}
  m_PrefabInstance: {fileID: 0}
  m_PrefabAsset: {fileID: 0}
  m_GameObject: {fileID: 76775503}
  m_Enabled: 1
  m_EditorHideFlags: 0
  m_Script: {fileID: 11500000, guid: 47deb5cafb612aa4bba446381523fc8b, type: 3}
  m_Name: 
  m_EditorClassIdentifier: 
  itemCollider: {fileID: 308444480}
  itemParticle: {fileID: 1469367280}
  isTriggerAtEnd: 0
--- !u!4 &99757817 stripped
Transform:
  m_CorrespondingSourceObject: {fileID: -8679921383154817045, guid: 17ec831da29f84bacbf2d9eab1156204,
    type: 3}
  m_PrefabInstance: {fileID: 1466269226}
  m_PrefabAsset: {fileID: 0}
--- !u!1 &244112984
GameObject:
  m_ObjectHideFlags: 0
  m_CorrespondingSourceObject: {fileID: 0}
  m_PrefabInstance: {fileID: 0}
  m_PrefabAsset: {fileID: 0}
  serializedVersion: 6
  m_Component:
  - component: {fileID: 244112985}
  m_Layer: 0
  m_Name: Environment
  m_TagString: Untagged
  m_Icon: {fileID: 0}
  m_NavMeshLayer: 0
  m_StaticEditorFlags: 0
  m_IsActive: 1
--- !u!4 &244112985
Transform:
  m_ObjectHideFlags: 0
  m_CorrespondingSourceObject: {fileID: 0}
  m_PrefabInstance: {fileID: 0}
  m_PrefabAsset: {fileID: 0}
  m_GameObject: {fileID: 244112984}
  m_LocalRotation: {x: 0, y: 0, z: 0, w: 1}
  m_LocalPosition: {x: 0, y: 0, z: 0}
  m_LocalScale: {x: 1, y: 1, z: 1}
  m_Children:
  - {fileID: 1982631058}
  - {fileID: 99757817}
  - {fileID: 478004796}
  m_Father: {fileID: 0}
  m_RootOrder: 1
  m_LocalEulerAnglesHint: {x: 0, y: 0, z: 0}
--- !u!1001 &275610087
PrefabInstance:
  m_ObjectHideFlags: 0
  serializedVersion: 2
  m_Modification:
    m_TransformParent: {fileID: 0}
    m_Modifications:
    - target: {fileID: 1751707989991916842, guid: 2cf5c6210c182ea4596bdba3dd5d030b,
        type: 3}
      propertyPath: m_Controller
      value: 
      objectReference: {fileID: 9100000, guid: e5d8aa73ae4ccdb49835cace7e9757f1, type: 2}
    - target: {fileID: 1751707990650359037, guid: 2cf5c6210c182ea4596bdba3dd5d030b,
        type: 3}
      propertyPath: m_RootOrder
      value: 3
      objectReference: {fileID: 0}
    - target: {fileID: 1751707990650359037, guid: 2cf5c6210c182ea4596bdba3dd5d030b,
        type: 3}
      propertyPath: m_LocalPosition.x
      value: 2.46
      objectReference: {fileID: 0}
    - target: {fileID: 1751707990650359037, guid: 2cf5c6210c182ea4596bdba3dd5d030b,
        type: 3}
      propertyPath: m_LocalPosition.y
      value: 0
      objectReference: {fileID: 0}
    - target: {fileID: 1751707990650359037, guid: 2cf5c6210c182ea4596bdba3dd5d030b,
        type: 3}
      propertyPath: m_LocalPosition.z
      value: -2.67
      objectReference: {fileID: 0}
    - target: {fileID: 1751707990650359037, guid: 2cf5c6210c182ea4596bdba3dd5d030b,
        type: 3}
      propertyPath: m_LocalRotation.w
      value: 0
      objectReference: {fileID: 0}
    - target: {fileID: 1751707990650359037, guid: 2cf5c6210c182ea4596bdba3dd5d030b,
        type: 3}
      propertyPath: m_LocalRotation.x
      value: 0
      objectReference: {fileID: 0}
    - target: {fileID: 1751707990650359037, guid: 2cf5c6210c182ea4596bdba3dd5d030b,
        type: 3}
      propertyPath: m_LocalRotation.y
      value: 1
      objectReference: {fileID: 0}
    - target: {fileID: 1751707990650359037, guid: 2cf5c6210c182ea4596bdba3dd5d030b,
        type: 3}
      propertyPath: m_LocalRotation.z
      value: 0
      objectReference: {fileID: 0}
    - target: {fileID: 1751707990650359037, guid: 2cf5c6210c182ea4596bdba3dd5d030b,
        type: 3}
      propertyPath: m_LocalEulerAnglesHint.x
      value: 0
      objectReference: {fileID: 0}
    - target: {fileID: 1751707990650359037, guid: 2cf5c6210c182ea4596bdba3dd5d030b,
        type: 3}
      propertyPath: m_LocalEulerAnglesHint.y
      value: 180
      objectReference: {fileID: 0}
    - target: {fileID: 1751707990650359037, guid: 2cf5c6210c182ea4596bdba3dd5d030b,
        type: 3}
      propertyPath: m_LocalEulerAnglesHint.z
      value: 0
      objectReference: {fileID: 0}
    - target: {fileID: 1751707990650359038, guid: 2cf5c6210c182ea4596bdba3dd5d030b,
        type: 3}
      propertyPath: m_Name
      value: Parent
      objectReference: {fileID: 0}
    m_RemovedComponents: []
  m_SourcePrefab: {fileID: 100100000, guid: 2cf5c6210c182ea4596bdba3dd5d030b, type: 3}
--- !u!1 &308444478
GameObject:
  m_ObjectHideFlags: 0
  m_CorrespondingSourceObject: {fileID: 0}
  m_PrefabInstance: {fileID: 0}
  m_PrefabAsset: {fileID: 0}
  serializedVersion: 6
  m_Component:
  - component: {fileID: 308444485}
  - component: {fileID: 308444484}
  - component: {fileID: 308444483}
  - component: {fileID: 308444482}
  - component: {fileID: 308444480}
  - component: {fileID: 308444479}
  m_Layer: 0
  m_Name: RealBottle
  m_TagString: Untagged
  m_Icon: {fileID: 0}
  m_NavMeshLayer: 0
  m_StaticEditorFlags: 0
  m_IsActive: 0
--- !u!114 &308444479
MonoBehaviour:
  m_ObjectHideFlags: 0
  m_CorrespondingSourceObject: {fileID: 0}
  m_PrefabInstance: {fileID: 0}
  m_PrefabAsset: {fileID: 0}
  m_GameObject: {fileID: 308444478}
  m_Enabled: 1
  m_EditorHideFlags: 0
  m_Script: {fileID: 11500000, guid: 54401e852bff4e74c83e583cda8e0c13, type: 3}
  m_Name: 
  m_EditorClassIdentifier: 
  connectToSystem: 1
  rightHandItem: {fileID: 76775505}
  leftHandItem: {fileID: 0}
  dropTargetPoint: {fileID: 0}
  angle: 0
  pickType: 0
--- !u!64 &308444480
MeshCollider:
  m_ObjectHideFlags: 0
  m_CorrespondingSourceObject: {fileID: 0}
  m_PrefabInstance: {fileID: 0}
  m_PrefabAsset: {fileID: 0}
  m_GameObject: {fileID: 308444478}
  m_Material: {fileID: 0}
  m_IsTrigger: 1
  m_Enabled: 1
  serializedVersion: 4
  m_Convex: 1
  m_CookingOptions: 30
  m_Mesh: {fileID: -8338217207664980772, guid: 17ec831da29f84bacbf2d9eab1156204, type: 3}
--- !u!54 &308444482
Rigidbody:
  m_ObjectHideFlags: 0
  m_CorrespondingSourceObject: {fileID: 0}
  m_PrefabInstance: {fileID: 0}
  m_PrefabAsset: {fileID: 0}
  m_GameObject: {fileID: 308444478}
  serializedVersion: 2
  m_Mass: 1
  m_Drag: 0
  m_AngularDrag: 0.05
  m_UseGravity: 0
  m_IsKinematic: 1
  m_Interpolate: 0
  m_Constraints: 0
  m_CollisionDetection: 0
--- !u!23 &308444483
MeshRenderer:
  m_ObjectHideFlags: 0
  m_CorrespondingSourceObject: {fileID: 0}
  m_PrefabInstance: {fileID: 0}
  m_PrefabAsset: {fileID: 0}
  m_GameObject: {fileID: 308444478}
  m_Enabled: 1
  m_CastShadows: 1
  m_ReceiveShadows: 1
  m_DynamicOccludee: 1
  m_StaticShadowCaster: 0
  m_MotionVectors: 1
  m_LightProbeUsage: 1
  m_ReflectionProbeUsage: 1
  m_RayTracingMode: 2
  m_RayTraceProcedural: 0
  m_RenderingLayerMask: 1
  m_RendererPriority: 0
  m_Materials:
  - {fileID: 2100000, guid: 5f121e408bab17c4cbe87d9bedc0599e, type: 2}
  m_StaticBatchInfo:
    firstSubMesh: 0
    subMeshCount: 0
  m_StaticBatchRoot: {fileID: 0}
  m_ProbeAnchor: {fileID: 0}
  m_LightProbeVolumeOverride: {fileID: 0}
  m_ScaleInLightmap: 1
  m_ReceiveGI: 1
  m_PreserveUVs: 0
  m_IgnoreNormalsForChartDetection: 0
  m_ImportantGI: 0
  m_StitchLightmapSeams: 1
  m_SelectedEditorRenderState: 3
  m_MinimumChartSize: 4
  m_AutoUVMaxDistance: 0.5
  m_AutoUVMaxAngle: 89
  m_LightmapParameters: {fileID: 0}
  m_SortingLayerID: 0
  m_SortingLayer: 0
  m_SortingOrder: 0
  m_AdditionalVertexStreams: {fileID: 0}
--- !u!33 &308444484
MeshFilter:
  m_ObjectHideFlags: 0
  m_CorrespondingSourceObject: {fileID: 0}
  m_PrefabInstance: {fileID: 0}
  m_PrefabAsset: {fileID: 0}
  m_GameObject: {fileID: 308444478}
  m_Mesh: {fileID: -8338217207664980772, guid: 17ec831da29f84bacbf2d9eab1156204, type: 3}
--- !u!4 &308444485
Transform:
  m_ObjectHideFlags: 0
  m_CorrespondingSourceObject: {fileID: 0}
  m_PrefabInstance: {fileID: 0}
  m_PrefabAsset: {fileID: 0}
  m_GameObject: {fileID: 308444478}
  m_LocalRotation: {x: -0.010463594, y: -0.031860914, z: 0.5840018, w: 0.81105936}
  m_LocalPosition: {x: 0.0071699983, y: -0.0017800014, z: 0.0017000065}
  m_LocalScale: {x: 0.03333332, y: 0.03333333, z: 0.03333333}
  m_Children:
  - {fileID: 1469367278}
  - {fileID: 1335833942}
  m_Father: {fileID: 76775504}
  m_RootOrder: 0
  m_LocalEulerAnglesHint: {x: 0, y: 0, z: 0}
--- !u!1 &329167012
GameObject:
  m_ObjectHideFlags: 0
  m_CorrespondingSourceObject: {fileID: 0}
  m_PrefabInstance: {fileID: 0}
  m_PrefabAsset: {fileID: 0}
  serializedVersion: 6
  m_Component:
  - component: {fileID: 329167013}
  m_Layer: 0
  m_Name: Tasks
  m_TagString: Untagged
  m_Icon: {fileID: 0}
  m_NavMeshLayer: 0
  m_StaticEditorFlags: 0
  m_IsActive: 1
--- !u!4 &329167013
Transform:
  m_ObjectHideFlags: 0
  m_CorrespondingSourceObject: {fileID: 0}
  m_PrefabInstance: {fileID: 0}
  m_PrefabAsset: {fileID: 0}
  m_GameObject: {fileID: 329167012}
  m_LocalRotation: {x: 0, y: 0, z: 0, w: 1}
  m_LocalPosition: {x: 1.28, y: 0.08, z: -1.35}
  m_LocalScale: {x: 1, y: 1, z: 1}
  m_Children:
  - {fileID: 7002591757239013977}
  m_Father: {fileID: 0}
  m_RootOrder: 4
  m_LocalEulerAnglesHint: {x: 0, y: 0, z: 0}
--- !u!1 &478004795
GameObject:
  m_ObjectHideFlags: 0
  m_CorrespondingSourceObject: {fileID: 0}
  m_PrefabInstance: {fileID: 0}
  m_PrefabAsset: {fileID: 0}
  serializedVersion: 6
  m_Component:
  - component: {fileID: 478004796}
  - component: {fileID: 478004798}
  - component: {fileID: 478004797}
  m_Layer: 0
  m_Name: Walls
  m_TagString: Untagged
  m_Icon: {fileID: 0}
  m_NavMeshLayer: 0
  m_StaticEditorFlags: 0
  m_IsActive: 1
--- !u!4 &478004796
Transform:
  m_ObjectHideFlags: 0
  m_CorrespondingSourceObject: {fileID: 0}
  m_PrefabInstance: {fileID: 0}
  m_PrefabAsset: {fileID: 0}
  m_GameObject: {fileID: 478004795}
  m_LocalRotation: {x: -0, y: 1, z: -0, w: 0}
  m_LocalPosition: {x: -10, y: -0.01, z: -10}
  m_LocalScale: {x: 5, y: 5, z: 5}
  m_Children: []
  m_Father: {fileID: 244112985}
  m_RootOrder: 2
  m_LocalEulerAnglesHint: {x: 0, y: 180, z: 0}
--- !u!23 &478004797
MeshRenderer:
  m_ObjectHideFlags: 0
  m_CorrespondingSourceObject: {fileID: 0}
  m_PrefabInstance: {fileID: 0}
  m_PrefabAsset: {fileID: 0}
  m_GameObject: {fileID: 478004795}
  m_Enabled: 1
  m_CastShadows: 0
  m_ReceiveShadows: 1
  m_DynamicOccludee: 1
  m_StaticShadowCaster: 0
  m_MotionVectors: 1
  m_LightProbeUsage: 0
  m_ReflectionProbeUsage: 0
  m_RayTracingMode: 2
  m_RayTraceProcedural: 0
  m_RenderingLayerMask: 1
  m_RendererPriority: 0
  m_Materials:
  - {fileID: 2100000, guid: 5f121e408bab17c4cbe87d9bedc0599e, type: 2}
  m_StaticBatchInfo:
    firstSubMesh: 0
    subMeshCount: 0
  m_StaticBatchRoot: {fileID: 0}
  m_ProbeAnchor: {fileID: 0}
  m_LightProbeVolumeOverride: {fileID: 0}
  m_ScaleInLightmap: 1
  m_ReceiveGI: 1
  m_PreserveUVs: 0
  m_IgnoreNormalsForChartDetection: 0
  m_ImportantGI: 0
  m_StitchLightmapSeams: 1
  m_SelectedEditorRenderState: 3
  m_MinimumChartSize: 4
  m_AutoUVMaxDistance: 0.5
  m_AutoUVMaxAngle: 89
  m_LightmapParameters: {fileID: 0}
  m_SortingLayerID: 0
  m_SortingLayer: 0
  m_SortingOrder: 0
  m_AdditionalVertexStreams: {fileID: 0}
--- !u!33 &478004798
MeshFilter:
  m_ObjectHideFlags: 0
  m_CorrespondingSourceObject: {fileID: 0}
  m_PrefabInstance: {fileID: 0}
  m_PrefabAsset: {fileID: 0}
  m_GameObject: {fileID: 478004795}
  m_Mesh: {fileID: 2186430941476567602, guid: 73fb12fa78c11451dbffc85460da89f1, type: 3}
--- !u!1001 &698844712
PrefabInstance:
  m_ObjectHideFlags: 0
  serializedVersion: 2
  m_Modification:
    m_TransformParent: {fileID: 308444485}
    m_Modifications:
    - target: {fileID: 480812861478202546, guid: bb5cd68fcffed6942a9adc7d25c57b01,
        type: 3}
      propertyPath: playOnAwake
      value: 0
      objectReference: {fileID: 0}
    - target: {fileID: 480812861701526540, guid: bb5cd68fcffed6942a9adc7d25c57b01,
        type: 3}
      propertyPath: playOnAwake
      value: 0
      objectReference: {fileID: 0}
    - target: {fileID: 480812862011982758, guid: bb5cd68fcffed6942a9adc7d25c57b01,
        type: 3}
      propertyPath: playOnAwake
      value: 0
      objectReference: {fileID: 0}
    - target: {fileID: 480812862012913976, guid: bb5cd68fcffed6942a9adc7d25c57b01,
        type: 3}
      propertyPath: playOnAwake
      value: 0
      objectReference: {fileID: 0}
    - target: {fileID: 480812862121876771, guid: bb5cd68fcffed6942a9adc7d25c57b01,
        type: 3}
      propertyPath: playOnAwake
      value: 0
      objectReference: {fileID: 0}
    - target: {fileID: 480812862992266752, guid: bb5cd68fcffed6942a9adc7d25c57b01,
        type: 3}
      propertyPath: playOnAwake
      value: 0
      objectReference: {fileID: 0}
    - target: {fileID: 480812862996156256, guid: bb5cd68fcffed6942a9adc7d25c57b01,
        type: 3}
      propertyPath: m_Name
      value: Milk Spitting
      objectReference: {fileID: 0}
    - target: {fileID: 480812862996156256, guid: bb5cd68fcffed6942a9adc7d25c57b01,
        type: 3}
      propertyPath: m_IsActive
      value: 1
      objectReference: {fileID: 0}
    - target: {fileID: 480812862996156258, guid: bb5cd68fcffed6942a9adc7d25c57b01,
        type: 3}
      propertyPath: playOnAwake
      value: 0
      objectReference: {fileID: 0}
    - target: {fileID: 480812862996156259, guid: bb5cd68fcffed6942a9adc7d25c57b01,
        type: 3}
      propertyPath: m_RootOrder
      value: 1
      objectReference: {fileID: 0}
    - target: {fileID: 480812862996156259, guid: bb5cd68fcffed6942a9adc7d25c57b01,
        type: 3}
      propertyPath: m_LocalPosition.x
      value: 0
      objectReference: {fileID: 0}
    - target: {fileID: 480812862996156259, guid: bb5cd68fcffed6942a9adc7d25c57b01,
        type: 3}
      propertyPath: m_LocalPosition.y
      value: 0.229
      objectReference: {fileID: 0}
    - target: {fileID: 480812862996156259, guid: bb5cd68fcffed6942a9adc7d25c57b01,
        type: 3}
      propertyPath: m_LocalPosition.z
      value: 0
      objectReference: {fileID: 0}
    - target: {fileID: 480812862996156259, guid: bb5cd68fcffed6942a9adc7d25c57b01,
        type: 3}
      propertyPath: m_LocalRotation.w
      value: 1
      objectReference: {fileID: 0}
    - target: {fileID: 480812862996156259, guid: bb5cd68fcffed6942a9adc7d25c57b01,
        type: 3}
      propertyPath: m_LocalRotation.x
      value: 0
      objectReference: {fileID: 0}
    - target: {fileID: 480812862996156259, guid: bb5cd68fcffed6942a9adc7d25c57b01,
        type: 3}
      propertyPath: m_LocalRotation.y
      value: 0
      objectReference: {fileID: 0}
    - target: {fileID: 480812862996156259, guid: bb5cd68fcffed6942a9adc7d25c57b01,
        type: 3}
      propertyPath: m_LocalRotation.z
      value: 0
      objectReference: {fileID: 0}
    - target: {fileID: 480812862996156259, guid: bb5cd68fcffed6942a9adc7d25c57b01,
        type: 3}
      propertyPath: m_LocalEulerAnglesHint.x
      value: 0
      objectReference: {fileID: 0}
    - target: {fileID: 480812862996156259, guid: bb5cd68fcffed6942a9adc7d25c57b01,
        type: 3}
      propertyPath: m_LocalEulerAnglesHint.y
      value: 0
      objectReference: {fileID: 0}
    - target: {fileID: 480812862996156259, guid: bb5cd68fcffed6942a9adc7d25c57b01,
        type: 3}
      propertyPath: m_LocalEulerAnglesHint.z
      value: 0
      objectReference: {fileID: 0}
    - target: {fileID: 480812863049660414, guid: bb5cd68fcffed6942a9adc7d25c57b01,
        type: 3}
      propertyPath: playOnAwake
      value: 0
      objectReference: {fileID: 0}
    - target: {fileID: 480812863137360056, guid: bb5cd68fcffed6942a9adc7d25c57b01,
        type: 3}
      propertyPath: playOnAwake
      value: 0
      objectReference: {fileID: 0}
    - target: {fileID: 480812863408781086, guid: bb5cd68fcffed6942a9adc7d25c57b01,
        type: 3}
      propertyPath: playOnAwake
      value: 0
      objectReference: {fileID: 0}
    m_RemovedComponents: []
  m_SourcePrefab: {fileID: 100100000, guid: bb5cd68fcffed6942a9adc7d25c57b01, type: 3}
--- !u!1 &847141649 stripped
GameObject:
  m_CorrespondingSourceObject: {fileID: 2757960656192418750, guid: 17ec831da29f84bacbf2d9eab1156204,
    type: 3}
  m_PrefabInstance: {fileID: 1466269226}
  m_PrefabAsset: {fileID: 0}
--- !u!4 &847141650 stripped
Transform:
  m_CorrespondingSourceObject: {fileID: 3242183606259739102, guid: 17ec831da29f84bacbf2d9eab1156204,
    type: 3}
  m_PrefabInstance: {fileID: 1466269226}
  m_PrefabAsset: {fileID: 0}
--- !u!114 &847141651
MonoBehaviour:
  m_ObjectHideFlags: 0
  m_CorrespondingSourceObject: {fileID: 0}
  m_PrefabInstance: {fileID: 0}
  m_PrefabAsset: {fileID: 0}
  m_GameObject: {fileID: 847141649}
  m_Enabled: 1
  m_EditorHideFlags: 0
  m_Script: {fileID: 11500000, guid: f294d9429e7140b40b672664a1d9f736, type: 3}
  m_Name: 
  m_EditorClassIdentifier: 
  openingTime: 1
  openingPoint: {fileID: 881404725}
  deactivate: {fileID: 990582638}
  activate: {fileID: 308444478}
--- !u!65 &847141655
BoxCollider:
  m_ObjectHideFlags: 0
  m_CorrespondingSourceObject: {fileID: 0}
  m_PrefabInstance: {fileID: 0}
  m_PrefabAsset: {fileID: 0}
  m_GameObject: {fileID: 847141649}
  m_Material: {fileID: 0}
  m_IsTrigger: 0
  m_Enabled: 1
  serializedVersion: 2
  m_Size: {x: 1.1119441, y: 1.4292176, z: 0.15320298}
  m_Center: {x: -0.55597216, y: 0.28950012, z: -0.075774446}
--- !u!1 &881404724
GameObject:
  m_ObjectHideFlags: 0
  m_CorrespondingSourceObject: {fileID: 0}
  m_PrefabInstance: {fileID: 0}
  m_PrefabAsset: {fileID: 0}
  serializedVersion: 6
  m_Component:
  - component: {fileID: 881404725}
  m_Layer: 0
  m_Name: OpeningPoint
  m_TagString: Untagged
  m_Icon: {fileID: 0}
  m_NavMeshLayer: 0
  m_StaticEditorFlags: 0
  m_IsActive: 1
--- !u!4 &881404725
Transform:
  m_ObjectHideFlags: 0
  m_CorrespondingSourceObject: {fileID: 0}
  m_PrefabInstance: {fileID: 0}
  m_PrefabAsset: {fileID: 0}
  m_GameObject: {fileID: 881404724}
  m_LocalRotation: {x: -0, y: 0.3083226, z: -0, w: 0.9512819}
  m_LocalPosition: {x: -1.503, y: -0.42990863, z: -0.651}
  m_LocalScale: {x: 1, y: 1, z: 1}
  m_Children: []
  m_Father: {fileID: 847141650}
  m_RootOrder: 5
  m_LocalEulerAnglesHint: {x: 0, y: 35.916, z: 0}
--- !u!1001 &892022054
PrefabInstance:
  m_ObjectHideFlags: 0
  serializedVersion: 2
  m_Modification:
    m_TransformParent: {fileID: 0}
    m_Modifications:
    - target: {fileID: 2331653301285105795, guid: ecb03cdea81b2124db06769c2985813b,
        type: 3}
      propertyPath: variableJoystick
      value: 
      objectReference: {fileID: 27363835}
    - target: {fileID: 2331653301285105806, guid: ecb03cdea81b2124db06769c2985813b,
        type: 3}
      propertyPath: m_Name
      value: Player
      objectReference: {fileID: 0}
    - target: {fileID: 2331653301285105807, guid: ecb03cdea81b2124db06769c2985813b,
        type: 3}
      propertyPath: m_RootOrder
      value: 2
      objectReference: {fileID: 0}
    - target: {fileID: 2331653301285105807, guid: ecb03cdea81b2124db06769c2985813b,
        type: 3}
      propertyPath: m_LocalPosition.x
      value: 0
      objectReference: {fileID: 0}
    - target: {fileID: 2331653301285105807, guid: ecb03cdea81b2124db06769c2985813b,
        type: 3}
      propertyPath: m_LocalPosition.y
      value: 0
      objectReference: {fileID: 0}
    - target: {fileID: 2331653301285105807, guid: ecb03cdea81b2124db06769c2985813b,
        type: 3}
      propertyPath: m_LocalPosition.z
      value: 0.75
      objectReference: {fileID: 0}
    - target: {fileID: 2331653301285105807, guid: ecb03cdea81b2124db06769c2985813b,
        type: 3}
      propertyPath: m_LocalRotation.w
      value: 1
      objectReference: {fileID: 0}
    - target: {fileID: 2331653301285105807, guid: ecb03cdea81b2124db06769c2985813b,
        type: 3}
      propertyPath: m_LocalRotation.x
      value: -0
      objectReference: {fileID: 0}
    - target: {fileID: 2331653301285105807, guid: ecb03cdea81b2124db06769c2985813b,
        type: 3}
      propertyPath: m_LocalRotation.y
      value: -0
      objectReference: {fileID: 0}
    - target: {fileID: 2331653301285105807, guid: ecb03cdea81b2124db06769c2985813b,
        type: 3}
      propertyPath: m_LocalRotation.z
      value: -0
      objectReference: {fileID: 0}
    - target: {fileID: 2331653301285105807, guid: ecb03cdea81b2124db06769c2985813b,
        type: 3}
      propertyPath: m_LocalEulerAnglesHint.x
      value: 0
      objectReference: {fileID: 0}
    - target: {fileID: 2331653301285105807, guid: ecb03cdea81b2124db06769c2985813b,
        type: 3}
      propertyPath: m_LocalEulerAnglesHint.y
      value: 0
      objectReference: {fileID: 0}
    - target: {fileID: 2331653301285105807, guid: ecb03cdea81b2124db06769c2985813b,
        type: 3}
      propertyPath: m_LocalEulerAnglesHint.z
      value: 0
      objectReference: {fileID: 0}
    - target: {fileID: 2331653301441313872, guid: ecb03cdea81b2124db06769c2985813b,
        type: 3}
      propertyPath: m_Controller
      value: 
      objectReference: {fileID: 9100000, guid: 780220879f1d6ca42a93d0d688dcd28c, type: 2}
    m_RemovedComponents: []
  m_SourcePrefab: {fileID: 100100000, guid: ecb03cdea81b2124db06769c2985813b, type: 3}
--- !u!4 &892022055 stripped
Transform:
  m_CorrespondingSourceObject: {fileID: 2331653301285105807, guid: ecb03cdea81b2124db06769c2985813b,
    type: 3}
  m_PrefabInstance: {fileID: 892022054}
  m_PrefabAsset: {fileID: 0}
--- !u!1 &990582638 stripped
GameObject:
  m_CorrespondingSourceObject: {fileID: -2959607045655858481, guid: 17ec831da29f84bacbf2d9eab1156204,
    type: 3}
  m_PrefabInstance: {fileID: 1466269226}
  m_PrefabAsset: {fileID: 0}
--- !u!1001 &1335833938
PrefabInstance:
  m_ObjectHideFlags: 0
  serializedVersion: 2
  m_Modification:
    m_TransformParent: {fileID: 308444485}
    m_Modifications:
    - target: {fileID: 1625088154552721747, guid: 08e4389834613e04bbbbc7ee014f55fb,
        type: 3}
      propertyPath: m_Radius
      value: 0.2
      objectReference: {fileID: 0}
    - target: {fileID: 4384307066693911200, guid: 08e4389834613e04bbbbc7ee014f55fb,
        type: 3}
      propertyPath: m_LocalScale.x
      value: 0.2
      objectReference: {fileID: 0}
    - target: {fileID: 4384307066693911200, guid: 08e4389834613e04bbbbc7ee014f55fb,
        type: 3}
      propertyPath: m_LocalScale.y
      value: 0.2
      objectReference: {fileID: 0}
    - target: {fileID: 4384307066693911200, guid: 08e4389834613e04bbbbc7ee014f55fb,
        type: 3}
      propertyPath: m_LocalScale.z
      value: 0.2
      objectReference: {fileID: 0}
    - target: {fileID: 4384307067448575072, guid: 08e4389834613e04bbbbc7ee014f55fb,
        type: 3}
      propertyPath: m_Name
      value: TaskIndicator_2
      objectReference: {fileID: 0}
    - target: {fileID: 4384307067448575072, guid: 08e4389834613e04bbbbc7ee014f55fb,
        type: 3}
      propertyPath: m_IsActive
      value: 1
      objectReference: {fileID: 0}
    - target: {fileID: 4384307067448575073, guid: 08e4389834613e04bbbbc7ee014f55fb,
        type: 3}
      propertyPath: m_RootOrder
      value: 2
      objectReference: {fileID: 0}
    - target: {fileID: 4384307067448575073, guid: 08e4389834613e04bbbbc7ee014f55fb,
        type: 3}
      propertyPath: m_LocalPosition.x
      value: -0.045957446
      objectReference: {fileID: 0}
    - target: {fileID: 4384307067448575073, guid: 08e4389834613e04bbbbc7ee014f55fb,
        type: 3}
      propertyPath: m_LocalPosition.y
      value: 0.058854878
      objectReference: {fileID: 0}
    - target: {fileID: 4384307067448575073, guid: 08e4389834613e04bbbbc7ee014f55fb,
        type: 3}
      propertyPath: m_LocalPosition.z
      value: 0.081492424
      objectReference: {fileID: 0}
    - target: {fileID: 4384307067448575073, guid: 08e4389834613e04bbbbc7ee014f55fb,
        type: 3}
      propertyPath: m_LocalRotation.w
      value: 1
      objectReference: {fileID: 0}
    - target: {fileID: 4384307067448575073, guid: 08e4389834613e04bbbbc7ee014f55fb,
        type: 3}
      propertyPath: m_LocalRotation.x
      value: -0
      objectReference: {fileID: 0}
    - target: {fileID: 4384307067448575073, guid: 08e4389834613e04bbbbc7ee014f55fb,
        type: 3}
      propertyPath: m_LocalRotation.y
      value: -0
      objectReference: {fileID: 0}
    - target: {fileID: 4384307067448575073, guid: 08e4389834613e04bbbbc7ee014f55fb,
        type: 3}
      propertyPath: m_LocalRotation.z
      value: -0
      objectReference: {fileID: 0}
    - target: {fileID: 4384307067448575073, guid: 08e4389834613e04bbbbc7ee014f55fb,
        type: 3}
      propertyPath: m_LocalEulerAnglesHint.x
      value: 0
      objectReference: {fileID: 0}
    - target: {fileID: 4384307067448575073, guid: 08e4389834613e04bbbbc7ee014f55fb,
        type: 3}
      propertyPath: m_LocalEulerAnglesHint.y
      value: 0
      objectReference: {fileID: 0}
    - target: {fileID: 4384307067448575073, guid: 08e4389834613e04bbbbc7ee014f55fb,
        type: 3}
      propertyPath: m_LocalEulerAnglesHint.z
      value: 0
      objectReference: {fileID: 0}
    - target: {fileID: 4485694850403428630, guid: 08e4389834613e04bbbbc7ee014f55fb,
        type: 3}
      propertyPath: task
      value: 
      objectReference: {fileID: 308444479}
    m_RemovedComponents: []
  m_SourcePrefab: {fileID: 100100000, guid: 08e4389834613e04bbbbc7ee014f55fb, type: 3}
--- !u!4 &1335833942 stripped
Transform:
  m_CorrespondingSourceObject: {fileID: 4384307067448575073, guid: 08e4389834613e04bbbbc7ee014f55fb,
    type: 3}
  m_PrefabInstance: {fileID: 1335833938}
  m_PrefabAsset: {fileID: 0}
--- !u!1001 &1466269226
PrefabInstance:
  m_ObjectHideFlags: 0
  serializedVersion: 2
  m_Modification:
    m_TransformParent: {fileID: 244112985}
    m_Modifications:
    - target: {fileID: -8679921383154817045, guid: 17ec831da29f84bacbf2d9eab1156204,
        type: 3}
      propertyPath: m_RootOrder
      value: 1
      objectReference: {fileID: 0}
    - target: {fileID: -8679921383154817045, guid: 17ec831da29f84bacbf2d9eab1156204,
        type: 3}
      propertyPath: m_LocalPosition.x
      value: 0
      objectReference: {fileID: 0}
    - target: {fileID: -8679921383154817045, guid: 17ec831da29f84bacbf2d9eab1156204,
        type: 3}
      propertyPath: m_LocalPosition.y
      value: 0
      objectReference: {fileID: 0}
    - target: {fileID: -8679921383154817045, guid: 17ec831da29f84bacbf2d9eab1156204,
        type: 3}
      propertyPath: m_LocalPosition.z
      value: 0
      objectReference: {fileID: 0}
    - target: {fileID: -8679921383154817045, guid: 17ec831da29f84bacbf2d9eab1156204,
        type: 3}
      propertyPath: m_LocalRotation.w
      value: 1
      objectReference: {fileID: 0}
    - target: {fileID: -8679921383154817045, guid: 17ec831da29f84bacbf2d9eab1156204,
        type: 3}
      propertyPath: m_LocalRotation.x
      value: -0
      objectReference: {fileID: 0}
    - target: {fileID: -8679921383154817045, guid: 17ec831da29f84bacbf2d9eab1156204,
        type: 3}
      propertyPath: m_LocalRotation.y
      value: -0
      objectReference: {fileID: 0}
    - target: {fileID: -8679921383154817045, guid: 17ec831da29f84bacbf2d9eab1156204,
        type: 3}
      propertyPath: m_LocalRotation.z
      value: -0
      objectReference: {fileID: 0}
    - target: {fileID: -8679921383154817045, guid: 17ec831da29f84bacbf2d9eab1156204,
        type: 3}
      propertyPath: m_LocalEulerAnglesHint.x
      value: 0
      objectReference: {fileID: 0}
    - target: {fileID: -8679921383154817045, guid: 17ec831da29f84bacbf2d9eab1156204,
        type: 3}
      propertyPath: m_LocalEulerAnglesHint.y
      value: 0
      objectReference: {fileID: 0}
    - target: {fileID: -8679921383154817045, guid: 17ec831da29f84bacbf2d9eab1156204,
        type: 3}
      propertyPath: m_LocalEulerAnglesHint.z
      value: 0
      objectReference: {fileID: 0}
    - target: {fileID: -2959607045655858481, guid: 17ec831da29f84bacbf2d9eab1156204,
        type: 3}
      propertyPath: m_IsActive
      value: 1
      objectReference: {fileID: 0}
    - target: {fileID: 919132149155446097, guid: 17ec831da29f84bacbf2d9eab1156204,
        type: 3}
      propertyPath: m_Name
      value: Level_2
      objectReference: {fileID: 0}
    - target: {fileID: 919132149155446097, guid: 17ec831da29f84bacbf2d9eab1156204,
        type: 3}
      propertyPath: m_IsActive
      value: 1
      objectReference: {fileID: 0}
    - target: {fileID: 3073948465944347534, guid: 17ec831da29f84bacbf2d9eab1156204,
        type: 3}
      propertyPath: m_IsActive
      value: 1
      objectReference: {fileID: 0}
    - target: {fileID: 3242183606259739102, guid: 17ec831da29f84bacbf2d9eab1156204,
        type: 3}
      propertyPath: m_LocalRotation.w
      value: 0.7071068
      objectReference: {fileID: 0}
    - target: {fileID: 3242183606259739102, guid: 17ec831da29f84bacbf2d9eab1156204,
        type: 3}
      propertyPath: m_LocalRotation.y
      value: 0.7071068
      objectReference: {fileID: 0}
    - target: {fileID: 3242183606259739102, guid: 17ec831da29f84bacbf2d9eab1156204,
        type: 3}
      propertyPath: m_LocalRotation.z
      value: 0
      objectReference: {fileID: 0}
    - target: {fileID: 3242183606259739102, guid: 17ec831da29f84bacbf2d9eab1156204,
        type: 3}
      propertyPath: m_LocalEulerAnglesHint.y
      value: 90
      objectReference: {fileID: 0}
    m_RemovedComponents: []
  m_SourcePrefab: {fileID: 100100000, guid: 17ec831da29f84bacbf2d9eab1156204, type: 3}
--- !u!4 &1469367278 stripped
Transform:
  m_CorrespondingSourceObject: {fileID: 480812862996156259, guid: bb5cd68fcffed6942a9adc7d25c57b01,
    type: 3}
  m_PrefabInstance: {fileID: 698844712}
  m_PrefabAsset: {fileID: 0}
--- !u!198 &1469367280 stripped
ParticleSystem:
  m_CorrespondingSourceObject: {fileID: 480812862996156258, guid: bb5cd68fcffed6942a9adc7d25c57b01,
    type: 3}
  m_PrefabInstance: {fileID: 698844712}
  m_PrefabAsset: {fileID: 0}
--- !u!1001 &1846534807
PrefabInstance:
  m_ObjectHideFlags: 0
  serializedVersion: 2
  m_Modification:
    m_TransformParent: {fileID: 0}
    m_Modifications:
    - target: {fileID: 6591798145441266053, guid: d358ad76fa4d5cd4da40a0e0e2f0b4c3,
        type: 3}
      propertyPath: m_Follow
      value: 
      objectReference: {fileID: 892022055}
    - target: {fileID: 6591798145441266053, guid: d358ad76fa4d5cd4da40a0e0e2f0b4c3,
        type: 3}
      propertyPath: m_LookAt
      value: 
      objectReference: {fileID: 892022055}
    - target: {fileID: 6591798145441266054, guid: d358ad76fa4d5cd4da40a0e0e2f0b4c3,
        type: 3}
      propertyPath: m_LocalPosition.x
      value: -6.5
      objectReference: {fileID: 0}
    - target: {fileID: 6591798145441266054, guid: d358ad76fa4d5cd4da40a0e0e2f0b4c3,
        type: 3}
      propertyPath: m_LocalPosition.z
      value: 6.25
      objectReference: {fileID: 0}
    - target: {fileID: 6591798145441266054, guid: d358ad76fa4d5cd4da40a0e0e2f0b4c3,
        type: 3}
      propertyPath: m_LocalRotation.w
      value: 0.40133458
      objectReference: {fileID: 0}
    - target: {fileID: 6591798145441266054, guid: d358ad76fa4d5cd4da40a0e0e2f0b4c3,
        type: 3}
      propertyPath: m_LocalRotation.x
      value: 0.12633066
      objectReference: {fileID: 0}
    - target: {fileID: 6591798145441266054, guid: d358ad76fa4d5cd4da40a0e0e2f0b4c3,
        type: 3}
      propertyPath: m_LocalRotation.y
      value: 0.86532015
      objectReference: {fileID: 0}
    - target: {fileID: 6591798145441266054, guid: d358ad76fa4d5cd4da40a0e0e2f0b4c3,
        type: 3}
      propertyPath: m_LocalRotation.z
      value: -0.27238235
      objectReference: {fileID: 0}
    - target: {fileID: 6591798145822699056, guid: d358ad76fa4d5cd4da40a0e0e2f0b4c3,
        type: 3}
      propertyPath: m_IsActive
      value: 1
      objectReference: {fileID: 0}
    - target: {fileID: 6591798145822699067, guid: d358ad76fa4d5cd4da40a0e0e2f0b4c3,
        type: 3}
      propertyPath: m_Enabled
      value: 1
      objectReference: {fileID: 0}
    - target: {fileID: 6591798145822699069, guid: d358ad76fa4d5cd4da40a0e0e2f0b4c3,
        type: 3}
      propertyPath: m_LocalPosition.x
      value: -6.5
      objectReference: {fileID: 0}
    - target: {fileID: 6591798145822699069, guid: d358ad76fa4d5cd4da40a0e0e2f0b4c3,
        type: 3}
      propertyPath: m_LocalPosition.y
      value: 6.95
      objectReference: {fileID: 0}
    - target: {fileID: 6591798145822699069, guid: d358ad76fa4d5cd4da40a0e0e2f0b4c3,
        type: 3}
      propertyPath: m_LocalPosition.z
      value: 6.25
      objectReference: {fileID: 0}
    - target: {fileID: 6591798145822699069, guid: d358ad76fa4d5cd4da40a0e0e2f0b4c3,
        type: 3}
      propertyPath: m_LocalRotation.w
      value: 0.40133458
      objectReference: {fileID: 0}
    - target: {fileID: 6591798145822699069, guid: d358ad76fa4d5cd4da40a0e0e2f0b4c3,
        type: 3}
      propertyPath: m_LocalRotation.x
      value: 0.12633066
      objectReference: {fileID: 0}
    - target: {fileID: 6591798145822699069, guid: d358ad76fa4d5cd4da40a0e0e2f0b4c3,
        type: 3}
      propertyPath: m_LocalRotation.y
      value: 0.86532015
      objectReference: {fileID: 0}
    - target: {fileID: 6591798145822699069, guid: d358ad76fa4d5cd4da40a0e0e2f0b4c3,
        type: 3}
      propertyPath: m_LocalRotation.z
      value: -0.27238235
      objectReference: {fileID: 0}
    - target: {fileID: 6591798145906515450, guid: d358ad76fa4d5cd4da40a0e0e2f0b4c3,
        type: 3}
      propertyPath: m_RootOrder
      value: 0
      objectReference: {fileID: 0}
    - target: {fileID: 6591798145906515450, guid: d358ad76fa4d5cd4da40a0e0e2f0b4c3,
        type: 3}
      propertyPath: m_LocalPosition.x
      value: 0
      objectReference: {fileID: 0}
    - target: {fileID: 6591798145906515450, guid: d358ad76fa4d5cd4da40a0e0e2f0b4c3,
        type: 3}
      propertyPath: m_LocalPosition.y
      value: 0
      objectReference: {fileID: 0}
    - target: {fileID: 6591798145906515450, guid: d358ad76fa4d5cd4da40a0e0e2f0b4c3,
        type: 3}
      propertyPath: m_LocalPosition.z
      value: 0
      objectReference: {fileID: 0}
    - target: {fileID: 6591798145906515450, guid: d358ad76fa4d5cd4da40a0e0e2f0b4c3,
        type: 3}
      propertyPath: m_LocalRotation.w
      value: 1
      objectReference: {fileID: 0}
    - target: {fileID: 6591798145906515450, guid: d358ad76fa4d5cd4da40a0e0e2f0b4c3,
        type: 3}
      propertyPath: m_LocalRotation.x
      value: 0
      objectReference: {fileID: 0}
    - target: {fileID: 6591798145906515450, guid: d358ad76fa4d5cd4da40a0e0e2f0b4c3,
        type: 3}
      propertyPath: m_LocalRotation.y
      value: 0
      objectReference: {fileID: 0}
    - target: {fileID: 6591798145906515450, guid: d358ad76fa4d5cd4da40a0e0e2f0b4c3,
        type: 3}
      propertyPath: m_LocalRotation.z
      value: 0
      objectReference: {fileID: 0}
    - target: {fileID: 6591798145906515450, guid: d358ad76fa4d5cd4da40a0e0e2f0b4c3,
        type: 3}
      propertyPath: m_LocalEulerAnglesHint.x
      value: 0
      objectReference: {fileID: 0}
    - target: {fileID: 6591798145906515450, guid: d358ad76fa4d5cd4da40a0e0e2f0b4c3,
        type: 3}
      propertyPath: m_LocalEulerAnglesHint.y
      value: 0
      objectReference: {fileID: 0}
    - target: {fileID: 6591798145906515450, guid: d358ad76fa4d5cd4da40a0e0e2f0b4c3,
        type: 3}
      propertyPath: m_LocalEulerAnglesHint.z
      value: 0
      objectReference: {fileID: 0}
    - target: {fileID: 6591798145906515452, guid: d358ad76fa4d5cd4da40a0e0e2f0b4c3,
        type: 3}
      propertyPath: m_Name
      value: LevelManager
      objectReference: {fileID: 0}
    - target: {fileID: 6591798146776332064, guid: d358ad76fa4d5cd4da40a0e0e2f0b4c3,
        type: 3}
      propertyPath: m_FollowOffset.x
      value: -6.5
      objectReference: {fileID: 0}
    - target: {fileID: 6591798146776332064, guid: d358ad76fa4d5cd4da40a0e0e2f0b4c3,
        type: 3}
      propertyPath: m_FollowOffset.z
      value: 5.5
      objectReference: {fileID: 0}
    - target: {fileID: 6591798147068927827, guid: d358ad76fa4d5cd4da40a0e0e2f0b4c3,
        type: 3}
      propertyPath: m_LocalRotation.w
      value: -0.7285416
      objectReference: {fileID: 0}
    - target: {fileID: 6591798147068927827, guid: d358ad76fa4d5cd4da40a0e0e2f0b4c3,
        type: 3}
      propertyPath: m_LocalRotation.x
      value: -0.3397245
      objectReference: {fileID: 0}
    - target: {fileID: 6591798147068927827, guid: d358ad76fa4d5cd4da40a0e0e2f0b4c3,
        type: 3}
      propertyPath: m_LocalRotation.y
      value: -0.5390927
      objectReference: {fileID: 0}
    - target: {fileID: 6591798147068927827, guid: d358ad76fa4d5cd4da40a0e0e2f0b4c3,
        type: 3}
      propertyPath: m_LocalRotation.z
      value: 0.25138304
      objectReference: {fileID: 0}
    - target: {fileID: 6591798147068927827, guid: d358ad76fa4d5cd4da40a0e0e2f0b4c3,
        type: 3}
      propertyPath: m_LocalEulerAnglesHint.y
      value: -287
      objectReference: {fileID: 0}
    - target: {fileID: 8944682611642174796, guid: d358ad76fa4d5cd4da40a0e0e2f0b4c3,
        type: 3}
      propertyPath: m_text
      value: Spill Milk
      objectReference: {fileID: 0}
    m_RemovedComponents: []
  m_SourcePrefab: {fileID: 100100000, guid: d358ad76fa4d5cd4da40a0e0e2f0b4c3, type: 3}
--- !u!1 &1894907844 stripped
GameObject:
  m_CorrespondingSourceObject: {fileID: -5445872130344635954, guid: 17ec831da29f84bacbf2d9eab1156204,
    type: 3}
  m_PrefabInstance: {fileID: 1466269226}
  m_PrefabAsset: {fileID: 0}
--- !u!64 &1894907845
MeshCollider:
  m_ObjectHideFlags: 0
  m_CorrespondingSourceObject: {fileID: 0}
  m_PrefabInstance: {fileID: 0}
  m_PrefabAsset: {fileID: 0}
  m_GameObject: {fileID: 1894907844}
  m_Material: {fileID: 0}
  m_IsTrigger: 0
  m_Enabled: 1
  serializedVersion: 4
  m_Convex: 0
  m_CookingOptions: 30
  m_Mesh: {fileID: -2438901257321839640, guid: 17ec831da29f84bacbf2d9eab1156204, type: 3}
--- !u!1 &1919771254 stripped
GameObject:
  m_CorrespondingSourceObject: {fileID: -308404557130408024, guid: 17ec831da29f84bacbf2d9eab1156204,
    type: 3}
  m_PrefabInstance: {fileID: 1466269226}
  m_PrefabAsset: {fileID: 0}
--- !u!65 &1919771255
BoxCollider:
  m_ObjectHideFlags: 0
  m_CorrespondingSourceObject: {fileID: 0}
  m_PrefabInstance: {fileID: 0}
  m_PrefabAsset: {fileID: 0}
  m_GameObject: {fileID: 1919771254}
  m_Material: {fileID: 0}
  m_IsTrigger: 0
  m_Enabled: 1
  serializedVersion: 2
  m_Size: {x: 0.8936918, y: 2.216031, z: 1.1118312}
  m_Center: {x: 0.09453642, y: 0, z: 0}
--- !u!1001 &1982631057
PrefabInstance:
  m_ObjectHideFlags: 0
  serializedVersion: 2
  m_Modification:
    m_TransformParent: {fileID: 244112985}
    m_Modifications:
    - target: {fileID: 1826328659066514284, guid: b7f223f43de73fe4383815afd7643291,
        type: 3}
      propertyPath: m_Enabled
      value: 0
      objectReference: {fileID: 0}
    - target: {fileID: 1845429857769862599, guid: b7f223f43de73fe4383815afd7643291,
        type: 3}
      propertyPath: m_IsActive
      value: 0
      objectReference: {fileID: 0}
    - target: {fileID: 1845429858189874374, guid: b7f223f43de73fe4383815afd7643291,
        type: 3}
      propertyPath: m_Enabled
      value: 0
      objectReference: {fileID: 0}
    - target: {fileID: 1845429858848011513, guid: b7f223f43de73fe4383815afd7643291,
        type: 3}
      propertyPath: m_LocalScale.x
      value: 8
      objectReference: {fileID: 0}
    - target: {fileID: 1845429858848011513, guid: b7f223f43de73fe4383815afd7643291,
        type: 3}
      propertyPath: m_LocalPosition.x
      value: 0
      objectReference: {fileID: 0}
    - target: {fileID: 1845429858848011513, guid: b7f223f43de73fe4383815afd7643291,
        type: 3}
      propertyPath: m_LocalPosition.z
      value: 4.5
      objectReference: {fileID: 0}
    - target: {fileID: 1845429858848011519, guid: b7f223f43de73fe4383815afd7643291,
        type: 3}
      propertyPath: m_Enabled
      value: 0
      objectReference: {fileID: 0}
    - target: {fileID: 1845429859257727213, guid: b7f223f43de73fe4383815afd7643291,
        type: 3}
      propertyPath: m_Name
      value: DeadEnd
      objectReference: {fileID: 0}
    - target: {fileID: 1845429859257727214, guid: b7f223f43de73fe4383815afd7643291,
        type: 3}
      propertyPath: m_RootOrder
      value: 0
      objectReference: {fileID: 0}
    - target: {fileID: 1845429859257727214, guid: b7f223f43de73fe4383815afd7643291,
        type: 3}
      propertyPath: m_LocalPosition.x
      value: 0
      objectReference: {fileID: 0}
    - target: {fileID: 1845429859257727214, guid: b7f223f43de73fe4383815afd7643291,
        type: 3}
      propertyPath: m_LocalPosition.y
      value: 0
      objectReference: {fileID: 0}
    - target: {fileID: 1845429859257727214, guid: b7f223f43de73fe4383815afd7643291,
        type: 3}
      propertyPath: m_LocalPosition.z
      value: 0
      objectReference: {fileID: 0}
    - target: {fileID: 1845429859257727214, guid: b7f223f43de73fe4383815afd7643291,
        type: 3}
      propertyPath: m_LocalRotation.w
      value: 1
      objectReference: {fileID: 0}
    - target: {fileID: 1845429859257727214, guid: b7f223f43de73fe4383815afd7643291,
        type: 3}
      propertyPath: m_LocalRotation.x
      value: -0
      objectReference: {fileID: 0}
    - target: {fileID: 1845429859257727214, guid: b7f223f43de73fe4383815afd7643291,
        type: 3}
      propertyPath: m_LocalRotation.y
      value: -0
      objectReference: {fileID: 0}
    - target: {fileID: 1845429859257727214, guid: b7f223f43de73fe4383815afd7643291,
        type: 3}
      propertyPath: m_LocalRotation.z
      value: -0
      objectReference: {fileID: 0}
    - target: {fileID: 1845429859257727214, guid: b7f223f43de73fe4383815afd7643291,
        type: 3}
      propertyPath: m_LocalEulerAnglesHint.x
      value: 0
      objectReference: {fileID: 0}
    - target: {fileID: 1845429859257727214, guid: b7f223f43de73fe4383815afd7643291,
        type: 3}
      propertyPath: m_LocalEulerAnglesHint.y
      value: 0
      objectReference: {fileID: 0}
    - target: {fileID: 1845429859257727214, guid: b7f223f43de73fe4383815afd7643291,
        type: 3}
      propertyPath: m_LocalEulerAnglesHint.z
      value: 0
      objectReference: {fileID: 0}
    - target: {fileID: 2500107351836893204, guid: b7f223f43de73fe4383815afd7643291,
        type: 3}
      propertyPath: m_LocalScale.x
      value: 8
      objectReference: {fileID: 0}
    - target: {fileID: 2500107351836893204, guid: b7f223f43de73fe4383815afd7643291,
        type: 3}
      propertyPath: m_LocalPosition.x
      value: -4.5
      objectReference: {fileID: 0}
    - target: {fileID: 2500107351836893204, guid: b7f223f43de73fe4383815afd7643291,
        type: 3}
      propertyPath: m_LocalPosition.z
      value: 0
      objectReference: {fileID: 0}
    - target: {fileID: 5236602218160044280, guid: b7f223f43de73fe4383815afd7643291,
        type: 3}
      propertyPath: m_Enabled
      value: 0
      objectReference: {fileID: 0}
    - target: {fileID: 7744454654404157297, guid: b7f223f43de73fe4383815afd7643291,
        type: 3}
      propertyPath: m_IsActive
      value: 0
      objectReference: {fileID: 0}
    m_RemovedComponents: []
  m_SourcePrefab: {fileID: 100100000, guid: b7f223f43de73fe4383815afd7643291, type: 3}
--- !u!4 &1982631058 stripped
Transform:
  m_CorrespondingSourceObject: {fileID: 1845429859257727214, guid: b7f223f43de73fe4383815afd7643291,
    type: 3}
  m_PrefabInstance: {fileID: 1982631057}
  m_PrefabAsset: {fileID: 0}
--- !u!1001 &7002591757239013976
PrefabInstance:
  m_ObjectHideFlags: 0
  serializedVersion: 2
  m_Modification:
    m_TransformParent: {fileID: 329167013}
    m_Modifications:
    - target: {fileID: 4384307067448575072, guid: 08e4389834613e04bbbbc7ee014f55fb,
        type: 3}
      propertyPath: m_Name
      value: TaskIndicator_1
      objectReference: {fileID: 0}
    - target: {fileID: 4384307067448575073, guid: 08e4389834613e04bbbbc7ee014f55fb,
        type: 3}
      propertyPath: m_RootOrder
      value: 0
      objectReference: {fileID: 0}
    - target: {fileID: 4384307067448575073, guid: 08e4389834613e04bbbbc7ee014f55fb,
        type: 3}
      propertyPath: m_LocalPosition.x
      value: 1.7650001
      objectReference: {fileID: 0}
    - target: {fileID: 4384307067448575073, guid: 08e4389834613e04bbbbc7ee014f55fb,
        type: 3}
      propertyPath: m_LocalPosition.y
      value: -0.08
      objectReference: {fileID: 0}
    - target: {fileID: 4384307067448575073, guid: 08e4389834613e04bbbbc7ee014f55fb,
        type: 3}
      propertyPath: m_LocalPosition.z
      value: 0.94000006
      objectReference: {fileID: 0}
    - target: {fileID: 4384307067448575073, guid: 08e4389834613e04bbbbc7ee014f55fb,
        type: 3}
      propertyPath: m_LocalRotation.w
      value: 1
      objectReference: {fileID: 0}
    - target: {fileID: 4384307067448575073, guid: 08e4389834613e04bbbbc7ee014f55fb,
        type: 3}
      propertyPath: m_LocalRotation.x
      value: -0
      objectReference: {fileID: 0}
    - target: {fileID: 4384307067448575073, guid: 08e4389834613e04bbbbc7ee014f55fb,
        type: 3}
      propertyPath: m_LocalRotation.y
      value: -0
      objectReference: {fileID: 0}
    - target: {fileID: 4384307067448575073, guid: 08e4389834613e04bbbbc7ee014f55fb,
        type: 3}
      propertyPath: m_LocalRotation.z
      value: -0
      objectReference: {fileID: 0}
    - target: {fileID: 4384307067448575073, guid: 08e4389834613e04bbbbc7ee014f55fb,
        type: 3}
      propertyPath: m_LocalEulerAnglesHint.x
      value: 0
      objectReference: {fileID: 0}
    - target: {fileID: 4384307067448575073, guid: 08e4389834613e04bbbbc7ee014f55fb,
        type: 3}
      propertyPath: m_LocalEulerAnglesHint.y
      value: 0
      objectReference: {fileID: 0}
    - target: {fileID: 4384307067448575073, guid: 08e4389834613e04bbbbc7ee014f55fb,
        type: 3}
      propertyPath: m_LocalEulerAnglesHint.z
      value: 0
      objectReference: {fileID: 0}
    - target: {fileID: 4485694850403428630, guid: 08e4389834613e04bbbbc7ee014f55fb,
        type: 3}
      propertyPath: task
      value: 
      objectReference: {fileID: 847141651}
    m_RemovedComponents: []
  m_SourcePrefab: {fileID: 100100000, guid: 08e4389834613e04bbbbc7ee014f55fb, type: 3}
--- !u!4 &7002591757239013977 stripped
Transform:
  m_CorrespondingSourceObject: {fileID: 4384307067448575073, guid: 08e4389834613e04bbbbc7ee014f55fb,
    type: 3}
  m_PrefabInstance: {fileID: 7002591757239013976}
  m_PrefabAsset: {fileID: 0}
